2898 3805
1378 337 1408 377 4

447 463 542 494 cum
570 448 618 505 ἐν
645 450 761 505 μέσῳ
788 452 1027 494 constructo
1055 453 1224 505 praeter
1264 447 1445 492 alterum
1487 448 1624 492 locum
1664 460 1693 491 a
1722 447 1890 491 Kockio
1932 448 2109 493 allatum
2139 449 2324 494 conferri

447 508 577 551 etiam
619 510 761 564 potest
803 518 904 550 usus
933 505 1054 549 verbi
1081 503 1306 558 ἐμποδών,
1346 505 1417 561 qui
1446 505 1653 562 reperitur
1680 503 1795 561 apud
1823 504 2069 562 Euripidem
2095 505 2143 549 iu
2172 507 2320 564 Suppl.

447 565 520 608 Vs.
547 565 654 608 395:
701 564 839 615 λόγων
876 566 936 612 τίς
970 562 1171 618 ἐμποδιοξν
1199 562 1263 604 ὅδ’
1292 562 1454 616 ἔρχεται
1462 582 1478 614 5
1520 563 1670 617 Itaque
1712 575 1819 617 opus
1862 576 1946 606 non
1976 568 2041 608 est
2070 563 2215 609 dativo
2253 569 2320 620 γῆ,

447 622 644 666 Ceterum
672 621 758 665 vid.
787 635 897 677 quae
924 619 1038 664 infra
1066 620 1395 677 disputabuntur
1422 619 1475 662 de
1503 619 1575 663 Vs.
1604 619 1691 662 550
1717 632 1780 674 sq.
2280 610 2287 624 '

560 679 739 723 Versum
769 680 852 722 193
880 679 1040 735 primus
1069 679 1254 722 Beckius
1281 690 1334 720 ex
1364 678 1456 720 loco
1485 678 1557 732 qui
1585 681 1650 720 est
1687 676 1800 720 infra
1832 678 1943 722 1218
1984 679 2187 723 inscrtum
2225 692 2318 723 esse

445 736 606 780 statuit.
665 736 803 789 Quam
831 735 1080 780 sententiam
1107 735 1395 791 probaverunt
1422 734 1676 778 recentiores
1704 733 1888 779 editores
1916 734 1975 780 ad
2002 749 2132 780 unum
2161 749 2318 780 omnes.

447 794 504 835 At
534 807 620 836 non
648 794 801 849 liquet,
841 806 916 835 cur
957 805 1103 835 versus
1149 793 1229 834 hoc
1268 792 1362 834 loco
1400 792 1444 833 in
1483 792 1677 846 margine
1714 792 1924 848 ascriptus
1965 793 2032 835 sit.
2091 795 2210 836 Haec
2239 807 2319 849 res,

446 850 617 906 opinor,
656 850 861 906 explicari
889 863 974 893 non
1004 854 1143 905 potest
1169 849 1253 892 nisi
1292 850 1490 904 sumitur,
1529 862 1640 900 eum,
1677 849 1748 903 qui
1787 849 1918 893 verba
1947 850 2055 893 ascri
2087 851 2202 905 serit,
2241 850 2321 894 hoc

445 908 539 966 ipso
569 908 660 953 loco
690 907 955 952 desiderasse
983 906 1153 952 similia.
1209 905 1402 951 Profecto
1431 906 1564 951 verba
1604 906 1824 963 aptissima
1860 911 1958 952 sunt
1985 912 2028 953 et
2057 864 2147 953 fere
2177 922 2319 954 neces·

443 967 559 1011 saria
588 971 765 1022 excepto
794 978 877 1010 uno
906 966 997 1010 solo
1027 964 1266 1019 ἀλλοτρίας.
1324 965 1476 1021 Aptius
1513 968 1578 1008 est
1615 966 1791 1009 verbum
1830 966 2029 1010 contrarii
2059 966 2318 1023 significatus

445 1023 670 1078 ὑμετέρας,
716 1023 791 1067 cfr.
819 1024 890 1067 Vs.
924 1024 1047 1066 1264.
1106 1023 1191 1067 Sed
1220 1037 1369 1080 parum
1409 1023 1626 1079 probabile
1665 1029 1748 1077 est,
1794 1023 1873 1066 hoc
1902 1025 1945 1066 in
1976 1023 2200 1078 ἄλλοιρίας
2229 1039 2320 1069 cor-

444 1086 612 1183 rcufptuxiln
662 1094 772 1182 (138237οᾷ
840 1082 1084 1138 Speciosius
1132 1081 1286 1136 aliquis
1330 1081 1553 1136 conjiciat,
1601 1080 1802 1137 scriptum
1831 1080 1986 1126 fuisse:
2035 1081 2324 1137 αἰθερίας.

499 1154 530 1183 Γ.
598 1153 632 1183 S·
784 1155 794 1183 :

902 1196 937 1237 οὗ
964 1197 1228 1249 κλεινοτάτην
1256 1196 1453 1249 αἰθέριον
1481 1195 1641 1243 οἰκίσας
1670 1196 1807 1237 πόλιν.

443 1255 622 1311 Propter
652 1254 764 1298 hunc
795 1254 932 1297 locum
962 1254 1006 1297 in
1036 1253 1122 1307 illo,
1152 1252 1205 1296 de
1235 1267 1317 1308 quo
1347 1253 1527 1308 agimus,
1557 1252 1755 1306 αἰθερίου
1781 1253 1966 1297 scribere
1995 1267 2101 1309 opus
2130 1268 2214 1297 non
2244 1260 2317 1298 est.

557 1312 607 1354 In
636 1312 912 1356 annotatione
939 1311 997 1355 ad
1026 1323 1192 1354 versum
1224 1311 1307 1353 195
1336 1311 1525 1355 Kockius
1555 1310 1732 1366 quaerit,
1761 1311 2052 1355 memineritne
2075 1311 2320 1356 Demosthe·

446 1382 534 1424 nes,
565 1373 710 1412 notum
739 1368 845 1412 illud
875 1368 982 1412 dans
1007 1367 1329 1425 jusjurandum:

646 1470 651 1475 ,
897 1441 959 1479 μα
988 1428 1079 1480 γῆν,
1107 1426 1169 1478 μὰ
1200 1426 1372 1478 κρήνας,
1399 1427 1458 1476 μὰ
1491 1425 1716 1475 ποταμούς,
1744 1423 1804 1477 μοὶ
1836 1426 2020 1478 νάματα,

442 1482 570 1537 hujus
598 1483 679 1525 loci
709 1483 1020 1537 Aristophanei.
1077 1483 1172 1525 Non
1201 1483 1363 1536 opinor.
1411 1479 1523 1531 Quid
1551 1480 1633 1522 sibi
1663 1482 1765 1523 velit
1784 1481 2038 1536 Blaydesius
2072 1482 2316 1537 „parodiam

440 1538 551 1582 hanc
591 1552 685 1582 esse
722 1538 950 1595 juramenti
994 1538 1118 1582 istius
1161 1536 1390 1592 ἔμμέτρου“
1435 1549 1708 1591 asseverans,
1751 1537 1866 1581 haud
1903 1538 2116 1594 intellego.
2181 1538 2313 1584 Immo

442 1598 590 1653 miror,
635 1597 827 1640 homines
856 1596 1002 1640 doctos
1030 1610 1058 1640 a
1085 1609 1132 1641 se
1170 1597 1396 1652 impetrare
1438 1595 1640 1651 potuisse,
1676 1600 1720 1638 ut
1759 1596 1934 1639 verbum
1971 1599 2049 1651 γῆν
2077 1596 2318 1641 tolerarent.

442 1654 570 1698 Haud
613 1667 718 1697 sane
756 1668 853 1697 raro
889 1654 1095 1711 jurabant
1136 1667 1212 1711 per
1248 1659 1414 1697 terram.
1471 1652 1730 1696 Scholiastes
1758 1653 2054 1711 Aristophanis
2096 1653 2153 1697 ad
2188 1655 2320 1698 verba

439 1714 499 1764 μοὶ
531 1712 714 1767 νεφέλας
743 1713 966 1755 annotavit
992 1712 1118 1755 haec:
1149 1711 1256 1753 οὕτω
1287 1711 1335 1752 δὲ
1364 1711 1412 1752 τοὶ
1435 1709 1721 1764 προστυχόντα
1749 1711 1929 1764 ὤμνυον,
1967 1716 2027 1763 μοὶ
2061 1712 2230 1766 κρήνας,
2257 1713 2320 1766 μοί

439 1771 541 1824 γῆν,
583 1771 644 1822 μοὶ
676 1771 892 1823 ποταμούς
931 1770 1021 1825 (qui
1050 1783 1272 1837 perperam
1301 1768 1465 1824 accepit
1491 1768 1666 1811 verbum
1696 1768 1909 1823 νεφέλας).
1965 1768 2216 1814 Conferatur
2243 1770 2319 1813 im-

440 1827 586 1883 primis
629 1828 746 1870 locus
788 1828 1035 1871 Homericus
1073 1840 1143 1883 qm
1184 1832 1248 1872 est
1272 1827 1323 1869 11.
1352 1826 1430 1880 III,
1459 1826 1545 1868 276
1576 1838 1639 1881 sq.
1696 1826 1999 1883 Aristophanes
2027 1827 2119 1883 ipse
2148 1828 2191 1870 in
2220 1828 2318 1872 Pac.

439 1885 511 1928 Vs.
542 1886 625 1927 188
655 1885 906 1928 Mercurium
947 1899 1022 1941 per
1061 1889 1218 1927 terram
1239 1884 1456 1941 jurantem
1485 1882 1602 1925 facit.
1661 1885 1717 1926 At
1746 1884 1818 1927 ubi
1848 1885 1989 1941 plures
2017 1885 2109 1927 sive
2138 1884 2200 1928 dii
2228 1886 2320 1929 sive

440 1955 508 1984 res
531 1942 658 1998 juxta
688 1947 1076 1998 commemorantur,
1105 1943 1265 1984 similes
1294 1953 1388 1984 esse
1416 1940 1564 1983 solent.
1622 1941 1694 1983 Sic
1723 1954 1791 1984 res
1822 1942 1949 1985 habet
1977 1943 2104 1985 etiam
2133 1943 2178 1984 in
2202 1942 2317 1998 jure·

434 1999 620 2098 jul-and?
663 1999 737 2041 illo
781 1999 839 2042 ad
881 2000 959 2043 hoc
1001 1999 1192 2055 proxime
1231 1998 1481 2051 accedente,
1524 1997 1636 2051 quod
1675 2012 1703 2040 a
1732 1999 1904 2041 Socrate
1941 1999 2244 2055 pronunciatur
2272 2000 2317 2042 in

438 2056 546 2099 Nub.
615 2069 647 2099 s.
676 2057 781 2099 627:

896 2115 978 2154 Μὰ
1008 2113 1081 2167 τὴν
1107 2112 1363 2166 Ἀναπνοήν,
1397 2113 1456 2164 μά
1488 2112 1533 2152 τὸ
1565 2111 1700 2160 Χάος,
1728 2113 1789 2164 μὰ
1821 2113 1894 2154 τὸν
1918 2111 2058 2166 Ἀέρα.

437 2170 535 2214 Jam
564 2183 692 2225 quum
721 2183 789 2213 res
818 2170 939 2225 illae,
984 2183 1059 2227 per
1089 2183 1194 2226 quas
1229 2171 1296 2213 hic
1326 2175 1451 2226 poet-a
1480 2168 1664 2212 secundo
1694 2171 1816 2213 tertio
1858 2176 2007 2225 quarto
2048 2171 2140 2214 loco
2174 2169 2315 2226 lepide

431 2228 647 2283 jurantem
676 2228 780 2270 facit
807 2227 1010 2283 Epopem,
1038 2229 1315 2270 instrumenta
1344 2228 1439 2281 siut,
1470 2227 1620 2280 quibus
1649 2228 1872 2282 capiuntur
1900 2242 2015 2279 aves,
2039 2229 2138 2284 jure
2168 2241 2317 2282 exspe-

436 2285 615 2328 ctaverit
644 2284 812 2339 aliquis,
842 2285 970 2329 etiam
1000 2285 1136 2340 primo
1166 2285 1257 2329 loco
1287 2284 1424 2328 simile
1443 2284 1544 2338 quid
1560 2290 1926 2328 commemoratum
1945 2285 2088 2328 fuisse.
2147 2283 2317 2328 Accedit

436 2340 549 2398 quod
578 2355 674 2386 cum
703 2347 817 2386 terra
845 2355 995 2399 parum
1024 2343 1086 2386 rei
1116 2343 1269 2386 avibus
1299 2346 1385 2397 est,
1429 2353 1535 2397 quas
1565 2343 1705 2398 aptius
1735 2347 1827 2386 erat
1856 2356 1930 2399 per
1959 2356 2100 2387 aerem
2123 2341 2318 2399 jurantes

439 2399 651 2441 inducere.
710 2401 796 2441 Aut
834 2401 976 2442 omnia
1014 2413 1080 2442 me
1123 2400 1276 2442 fallunt
1314 2405 1389 2441 aut
1417 2400 1722 2455 Aristophanes
1751 2413 1850 2442 usus
1879 2404 1969 2443 erat
1999 2401 2127 2443 verbo
2157 2400 2316 2442 viscum

434 2456 716 2511 significante.
776 2457 1001 2511 Virgarnm
1032 2458 1288 2500 viscatarum
1318 2458 1445 2499 etiam
1475 2456 1587 2498 infra
1616 2457 1660 2497 in
1691 2457 1761 2499 Vs.
1782 2459 1864 2499 527
1889 2459 2142 2500 mentionem
2171 2457 2316 2511 injecit

436 2512 625 2568 ῥάβδους
654 2514 890 2569 appellans.
946 2515 1044 2559 Jam
1075 2515 1217 2568 agitur
1246 2515 1299 2557 de
1330 2514 1459 2557 verbo
1488 2518 1665 2556 externa
1694 2516 1834 2569 specie
1863 2515 1980 2558 verbi
2008 2516 2086 2568 γῆν
2114 2514 2242 2558 simili
2274 2518 2319 2556 at

437 2571 578 2613 minus
620 2575 733 2613 noto.
790 2571 1029 2614 Meminerit
1056 2572 1210 2627 aliquis
1240 2571 1464 2614 verborum
1493 2569 1591 2620 γλία
1621 2576 1662 2613 et
1690 2571 1814 2621 γλοιοί
1825 2603 1838 2621 ,
1883 2584 1992 2627 quae
2033 2571 2147 2615 idem
2188 2575 2316 2626 atque

434 2627 570 2669 κόλλα
602 2629 745 2671 valere
772 2628 946 2671 tradunt
973 2630 1150 2685 scriptor
1178 2628 1361 2684 Etymol.
1390 2628 1546 2682 Magn„
1578 2628 1823 2672 Eustathius
1852 2629 1908 2672 ad
1939 2630 2107 2673 Homer.
2135 2643 2175 2684 p.
2193 2628 2317 2683 1560,

433 2686 503 2739 32,
532 2684 772 2740 Hesychius
801 2686 953 2742 (codex
971 2686 1153 2742 Hesych.
1174 2687 1366 2742 praebet:
1393 2684 1531 2735 γλοτα,
1561 2685 1693 2727 Maur.
1715 2686 1971 2729 Schmidtius
1990 2686 2174 2743 scripsit:
2202 2684 2315 2736 rMoe,

434 2742 563 2797 vulgo
596 2742 824 2797 legendum
845 2756 939 2787 esse
954 2749 1146 2787 censent:
1174 2740 1314 2796 γλοιοὶ,
1345 2741 1420 2786 sed
1439 2743 1581 2785 nescio
1598 2756 1654 2785 an
1678 2748 1882 2798 praestet:
1907 2744 2062 2797 γλοία).
2121 2743 2318 2798 Cognata

434 2804 533 2843 sunt
563 2800 693 2843 verba
721 2799 875 2850 γλοιός,
921 2815 1004 2856 quo
1035 2801 1340 2857 Aristophanes
1369 2800 1460 2856 ipse
1489 2813 1589 2843 usus
1619 2804 1684 2843 est
1714 2802 1756 2844 in
1787 2802 1894 2845 Nub.
1923 2802 1994 2845 Vs.
2022 2801 2131 2856 449,
2176 2799 2318 2856 γλοίης

366 2873 370 2877 ·
434 2857 592 2913 (Etym.
621 2858 786 2913 Magn.t
828 2858 999 2914 νλοὶητα
1028 2861 1101 2900 τὸν
1131 2857 1326 2914 ῥυπαρὸν
1356 2862 1426 2897 καὶ
1454 2859 1678 2913 μοχθηρὸν
1708 2862 1764 2913 τῷ
1793 2860 1925 2914 ἤθει),
1954 2859 2072 2914 γλίνη
2108 2863 2150 2902 et
2178 2856 2314 2908 γλίνα,

434 2915 586 2967 quibus
616 2916 838 2969 postremis
867 2917 1008 2958 verbis
1037 2916 1266 2958 secundum
1296 2914 1471 2958 Suidam
1501 2921 1543 2956 et
1573 2916 1817 2970 scriptorem
1847 2918 1984 2971 Etym.
2015 2917 2070 2958 M.
2099 2915 2311 2969 significa-

433 2976 502 3014 tur
532 2969 555 3013 ὃ
587 2969 740 3025 ῥύπος,
781 2972 972 3026 γλίσχρος
1000 2973 1145 3029 (Arist.
1176 2973 1361 3016 Acharn.
1390 2972 1517 3026 452),
1555 2971 1728 3022 νλίπον,
1759 2987 1868 3028 quae
1898 2979 2169 3017 recensentur
2196 2971 2313 3027 apud

434 3029 706 3085 Hesychium.
764 3030 863 3075 Jam
906 3043 1010 3075 sane
1054 3031 1183 3075 verba
1220 3029 1318 3081 γλία
1357 3034 1399 3073 et
1434 3028 1561 3080 γλοιοέ
1601 3029 1669 3073 vel
1707 3030 1830 3081 γλοία
1873 3037 1976 3089 apta
2013 3044 2098 3075 non
2129 3038 2228 3074 sunt
2256 3028 2314 3072 ad
