2898 3805
1408 389 1462 434 12

475 503 630 560 ῆριίων
659 505 795 547 παισί.
852 502 958 546 Mihi
988 502 1159 559 quidem
1175 515 1254 560 pro
1271 502 1409 556 ὄρνισι
1430 502 1598 548 videtur
1611 503 1948 560 scriptumesse:
1981 502 2192 559 ῆριιῒσι.
2253 505 2378 559 Quod

475 561 521 604 in
550 561 661 605 Nub.
691 561 764 604 Vs.
793 561 881 604 315
909 567 1038 617 poeta
1067 573 1168 603 usus
1197 564 1264 603 est
1293 559 1432 603 forma
1462 559 1639 616 ἧρᾷναι,
1669 560 1776 602 nihil
1806 559 1948 603 refert.

592 618 823 664 Praeterea
850 618 980 662 etiam
1008 617 1299 673 quaerendum
1327 623 1406 671 est,
1434 618 1545 662 sitne
1573 617 1797 672 sententia,
1826 629 1880 662 ex
1911 629 1998 672 qua
2016 617 2268 673 particulam
2293 621 2380 686 καὶ,

477 680 835 777 ἓὲῗὲηξὲρὲἓξιῖἓ
855 673 2160 789 ⁸1:¹31322ffl30302333332’..{stlizfflssssfffflqfflssffi
2177 674 2243 776 «ξε
2272 675 2381 777 32¹3:

475 790 592 833 Sane
620 790 792 846 plurimi
821 790 937 844 iique
966 790 1117 845 optimi
1146 789 1244 831 libri
1274 789 1464 844 mscripti
1492 793 1563 830 καὶ
1603 803 1688 832 non
1728 789 1953 840 exhibent,
1998 802 2079 832 nec
2108 788 2210 832 ferri
2238 794 2380 845 potest

508 847 691 891 articula
718 851 820 890 ante
848 847 987 902 ipsum
1017 846 1191 890 verbum
1220 848 1490 900 πορφυρίωνι
1528 847 1691 902 posita,
1733 860 1834 890 nam
1873 859 2001 895 aves,
2043 859 2154 901 quae
2190 845 2292 890 inde
2322 848 2378 890 ab

476 861 558 948 goe
587 903 715 947 verbo
755 907 1078 957 enumerantur,
1123 908 1169 946 ut
1198 906 1314 946 recte
1342 904 1568 946 annotavit
1596 902 1862 957 D1ndorfius,
1910 905 2034 960 „sunt
2063 902 2230 958 heroes,
2272 915 2378 958 quos

477 959 680 1004 sacerdos
710 959 831 1016 dicit,
870 962 942 1000 καὶ
969 958 1127 1016 ἦρι-’ων
1156 958 1350 1008 πατδες“.
1407 962 1464 1002 At
1493 960 1607 1003 enim
1637 973 1739 1004 vero
1768 961 1981 1018 conjicere
2009 960 2128 1014 licet,
2165 960 2277 1003 inter
2305 963 2380 1001 καὶ

475 1022 519 1059 et
547 1019 818 1071 πορφυρίωνι
848 1017 1063 1060 excidisse
1092 1018 1309 1070 κόραις,
1355 1017 1468 1070 quod
1512 1017 1716 1059 facillime
1756 1017 1849 1060 fieri
1891 1018 2031 1073 potuit
2060 1022 2234 1085 propter
2263 1017 2378 1059 simi·

475 1072 713 1127 lituffinem,
743 1087 855 1128 quae
884 1074 1112 1117 intercedit
1139 1074 1250 1116 inter
1278 1073 1424 1116 literas
1456 1074 1586 1114 KOP·
1616 1078 1660 1115 et
1689 1075 1844 1118 [102.
1902 1074 1986 1116 Per
2013 1088 2062 1117 se
2080 1073 2250 1129 quidem
2269 1086 2378 1129 opus

476 1142 564 1174 non
595 1134 662 1175 est
690 1130 766 1175 illo
796 1130 940 1186 verbo,
969 1143 1097 1187 quum
1128 1130 1304 1174 verbum
1334 1129 1485 1179 παῖδες
1515 1129 1569 1172 de
1596 1129 1744 1174 liberis
1772 1130 2022 1175 masculinis
2051 1130 2177 1174 simul
2199 1135 2242 1175 et
2258 1129 2379 1174 femi-

478 1188 595 1231 ninis
623 1188 819 1242 intellegi
848 1189 992 1244 possit.
1052 1187 1139 1231 Sed
1169 1188 1207 1230 si
1237 1187 1450 1230 Sacerdos
1472 1187 1602 1242 juxta
1633 1188 1782 1230 heroes
1811 1187 1942 1230 etiam
1972 1188 2171 1232 heroinas
2200 1200 2379 1232 comme·

476 1246 675 1300 moravit,
704 1245 926 1302 probabile
955 1249 1033 1299 est,
1062 1258 1159 1288 eum
1188 1245 1345 1288 liberos
1376 1257 1542 1299 quoque
1573 1245 1748 1288 heroum
1783 1246 2040 1289 masculinos
2069 1249 2113 1290 et
2151 1245 2378 1289 femininos

477 1303 693 1358 expressis
722 1302 865 1345 verbis
893 1302 1150 1358 appellasse.
1207 1303 1353 1357 Aeque
1384 1301 1567 1356 diligens
1596 1307 1726 1357 atque
1754 1302 1930 1358 copiosa
1956 1302 2095 1345 oratio
2135 1301 2378 1345 Sacerdotis

479 1364 545 1402 est
573 1360 704 1402 etiam
732 1360 777 1402 in
806 1359 878 1401 Vs.
909 1360 995 1402 866
1022 1371 1085 1414 sq.
1330 1415 1367 1458 V
1432 1415 1516 1458 885

1368 1428 1401 1458 s.

593 1462 795 1529 scriptum
836 1472 1065 1529 reperitur:
1109 1474 1181 1513 καὶ
1210 1471 1323 1524 ἐλεᾷ.
1383 1473 1440 1515 At
1468 1472 1563 1517 avis
1602 1472 1773 1517 nomine
1810 1471 1934 1522 ἐλεᾶς
1963 1472 2044 1517 hoc
2073 1473 2167 1517 loco
2198 1486 2376 1517 comme-

476 1530 632 1573 morari
676 1543 762 1573 non
798 1534 959 1584 potest,
1004 1530 1043 1573 si
1077 1530 1121 1572 in
1153 1529 1224 1572 Vs.
1256 1530 1343 1572 302
1379 1534 1621 1573 recensetur
1649 1530 1761 1573 inter
1798 1543 1903 1574 aves
1945 1530 2003 1573 ad
2046 1530 2221 1574 chorum
2251 1531 2378 1586 perti-

476 1591 638 1630 nentes.
695 1585 821 1638 Quod
843 1587 880 1629 si
904 1587 967 1629 ita
985 1591 1061 1640 est,
1094 1586 1162 1629 hic
1181 1585 1451 1629 scribendum
1470 1585 1659 1629 videtur:
1690 1585 1823 1638 ἐλέα,
1853 1587 1922 1629 eui
1942 1586 2213 1643 conjecturae
2229 1586 2379 1630 favent

476 1644 607 1687 etiam
637 1643 737 1686 libri
768 1644 942 1699 mscrpti
970 1643 1202 1686 secundum
1232 1656 1296 1695 ea,
1336 1656 1447 1698 quae
1475 1644 1701 1687 annotavit
1728 1643 1985 1699 Blaydesius
2015 1658 2056 1700 p.
2086 1645 2167 1700 99,
2196 1649 2376 1700 excepto

474 1700 623 1745 codice
652 1701 929 1754 Ravennate,
957 1701 1029 1755 qui
1057 1700 1173 1744 solus
1201 1700 1380 1755 praebet
1407 1699 1543 1748 ἐλεᾶς.
1602 1701 1667 1744 De
1698 1700 1779 1744 hac
1807 1701 1879 1744 avi
1909 1700 2162 1745 Aristoteles
2191 1701 2237 1744 in
2267 1701 2377 1753 Hist.

476 1758 607 1801 anim.
636 1758 714 1814 IX,
747 1759 814 1813 16,
846 1758 869 1799 1
902 1757 1010 1800 haec
1040 1757 1189 1800 habet:
1212 1756 1269 1797 ‘H
1294 1757 1334 1797 δ’
1364 1757 1465 1798 ἐλέα
1495 1756 1636 1810 ὥσπερ
1667 1757 1799 1806 ἄλλος
1826 1772 1885 1806 τις
1913 1761 1998 1799 τῶν
2026 1756 2222 1812 ὀρνίθων
2240 1757 2377 1809 εὖβίο-

476 1829 566 1864 τος,
609 1820 682 1856 καί
710 1815 880 1864 καθίζει
923 1816 1080 1869 θέρους
1108 1817 1188 1867 μὲν
1215 1814 1264 1855 ἐν
1291 1816 1543 1870 προσηνέμῳ
1582 1819 1655 1855 καὶ
1683 1817 1806 1867 σκιᾷ,
1849 1816 2052 1869 χειμῶνος
2082 1814 2120 1856 δ’
2148 1815 2198 1856 ἐν
2224 1814 2377 1870 εὐηλίῳ

477 1875 549 1913 καὶ
577 1872 801 1914 ἔπισκεπετ
825 1871 898 1913 ἐπὶ
926 1874 1010 1913 τῶν
1041 1871 1239 1913 δονάκων
1267 1874 1364 1926 περὶ
1393 1873 1442 1912 τὰ
1469 1871 1555 1926 ἕλη.
1605 1872 1724 1913 'Emi
1752 1871 1801 1913 δὲ
1829 1874 1874 1913 τὰ
1893 1875 1973 1926 μὲν
1991 1874 2177 1925 μέγεθος
2199 1872 2377 1927 βραχύς,

477 1930 630 1985 φωνὴν
657 1929 700 1983 δ’ι
726 1930 810 1983 ἔχει
838 1927 1028 1984 α’γαθήν.
1088 1930 1194 1974 Avis
1224 1929 1357 1985 igitur
1387 1933 1432 1972 ut
1459 1930 1618 1982 βοσκᾶς
1659 1934 1724 1973 est
1752 1930 1954 1986 palustris
1983 1934 2113 1986 atque
2145 1930 2274 1974 etiam
2303 1943 2378 1973 no·

475 2000 573 2030 men
611 1987 787 2031 duxisse
815 1986 986 2030 videtur
1014 1987 1070 2030 ab
1101 2001 1174 2043 eo,
1213 1987 1327 2043 quod
1357 1987 1521 2030 Graece
1550 1987 1794 2044 appellatur
1821 1987 1928 2036 ἕλος.
1989 1987 2229 2032 Secundum
2259 1988 2377 2032 scho-

473 2045 646 2089 liastam
675 2045 733 2089 ad
763 2046 835 2089 Vs.
864 2046 950 2088 302
980 2059 1008 2088 a
1038 2045 1302 2089 Callimacho
1333 2048 1486 2144 {pcata
1515 2058 1609 2088 esse
1638 2045 1807 2089 videtur
1836 2045 1987 2094 ἑλείας.

1378 2116 1411 2145 s.
1442 2103 1525 2145 886

475 2161 708 2204 secundum
749 2161 881 2204 libros
911 2165 1138 2217 mscrptos,
1167 2163 1392 2216 postquam
1423 2158 1630 2203 Sacerdos
1660 2159 1822 2203 monuit
1851 2160 2111 2217 precandum
2141 2173 2235 2205 esse
2265 2160 2378 2212 αἰγι-

477 2218 648 2274 θάλλῳ,
678 2219 814 2262 oratio
844 2219 1164 2273 interrumpitur
1196 2218 1261 2260 his
1290 2218 1524 2260 Pithetaeri
1554 2218 1718 2260 verbis:

940 2275 1042 2317 παῦ’
1071 2273 1115 2322 ἐς
1143 2273 1350 2327 κόρακας·
1381 2278 1544 2315 παῦσαι
1574 2273 1731 2323 καλῶν,
1759 2273 1825 2314 Ῑού
1855 2273 1936 2317 ἰού.

938 2331 1010 2372 ἐπὶ
1040 2337 1168 2372 ποῖον
1197 2328 1232 2371 ὦ
1260 2330 1528 2384 κακόδαιμον
1557 2329 1710 2384 ἲερετον
1739 2329 1881 2380 καλεῖς

936 2387 1177 2436 ἁλιαιέτους
1207 2392 1278 2427 καὶ
1305 2390 1465 2440 γῦπας,·
1496 2387 1573 2441 οὐχ
1603 2386 1710 2441 δρᾷς
1739 2387 1801 2428 ὅτι

939 2446 1094 2493 ἰκττνος
1121 2444 1178 2492 εἷς
1208 2447 1265 2485 ἄν
1292 2447 1414 2488 τοῦτό
1442 2446 1474 2494 γ’
1509 2446 1671 2497 οἴχοιθ’
1699 2444 1924 2496 ἀρπάσας,-

476 2504 533 2544 At
562 2514 700 2556 neque
730 2502 903 2557 aquilae
932 2503 1125 2545 marinae
1155 2515 1293 2557 neque
1321 2502 1499 2545 vulturis
1530 2501 1688 2544 mentio
1717 2500 1832 2544 facta
1861 2506 1925 2544 est
1954 2516 1981 2544 a
2003 2500 2245 2545 Sacerdote.
2303 2503 2376 2545 Ni—

476 2559 553 2602 hili
583 2564 649 2602 est
676 2564 820 2602 autem
850 2560 964 2614 quod
995 2560 1250 2615 Blaydesius
1281 2573 1321 2615 p.
1351 2561 1438 2603 330
1469 2560 1574 2617 „has
1603 2558 1749 2613 aves“,
1788 2559 1938 2614 inquit,
1982 2563 2053 2616 „ut
2089 2571 2193 2615 prae
2223 2560 2377 2603 ceteris

476 2630 653 2659 voraces
682 2630 758 2671 pro
788 2617 941 2659 avibus
970 2618 1207 2671 generatim
1237 2616 1469 2659 nominat“.
1528 2618 1643 2670 Ergo
1666 2621 1767 2658 ante
1790 2617 1886 2671 ipsa
1902 2617 1977 2658 illa
1992 2616 2227 2658 Pithetaeri
2243 2618 2378 2659 verba

474 2673 744 2717 intercidisse
772 2672 960 2717 videtur:
1001 2677 1088 2715 καὶ
1117 2672 1387 2729 ἁλιαιέτῳ
1418 2676 1507 2714 καὶ
1533 2677 1661 2724 γῦπι
1691 2699 1761 2714 -.
1809 2673 1931 2724 Quae
1960 2672 2203 2729 conjectura
2233 2687 2284 2717 eo
2315 2678 2380 2717 est

504 2730 751 2785 robabili0r‚
781 2730 909 2786 quod,
939 2731 1134 2774 lacunam
1164 2730 1435 2774 statuendam
1464 2743 1559 2774 esse
1588 2734 1686 2786 post
1710 2729 1969 2786 αἰγιθάλλῳ,
1999 2742 2054 2773 ex
2083 2729 2228 2787 verbis
2257 2730 2380 2774 scho-

493 2788 630 2830 iastae
654 2787 749 2843 jam
779 2787 945 2843 pridem
968 2789 1186 2844 perspexit
1215 2789 1502 2844 Halbertsma,
1532 2801 1657 2843 quem
1686 2787 1817 2829 secuti
1843 2801 1954 2831 nunc
1985 2788 2043 2830 ad
2073 2800 2202 2830 unum
2232 2800 2380 2831 omnes

473 2844 537 2886 illi
566 2845 697 2888 verbo
726 2844 993 2901 subjungunt
1022 2845 1155 2888 verba
1184 2848 1255 2885 καὶ
1285 2844 1568 2899 ἤρισοίλπιγγι.
1629 2845 1830 2887 Fortasse
1859 2845 1990 2887 etiam
2019 2845 2064 2887 in
2089 2845 2379 2900 superioribus

472 2900 718 2945 Sacerdotis
749 2902 892 2946 verbis
920 2902 1087 2958 aliquid
1117 2902 1342 2946 intercidit.
1402 2901 1660 2945 Scholiastes
1690 2900 1747 2945 ad
1772 2901 1843 2944 Vs.
1863 2903 1948 2945 884
1978 2903 2220 2946 annotavit:
2264 2901 2380 2943 'Em-

471 2960 672 3000 σκεπτέον
702 2963 798 3013 περὶ
827 2960 986 3002 τούτων
1016 2960 1063 3000 ἐκ
1091 2962 1161 3013 τῆς
1189 2963 1272 3001 τῶν
1302 2959 1420 3015 ζῴων
1449 2957 1658 3013 ἱστορίας,
1700 2960 1759 3006 τίς
1788 2957 1810 2999 ὁ
1843 2960 1991 3013 τέτραξ
2021 2962 2093 3000 καὶ
2125 2958 2275 3015 φλέξις
2305 2960 2380 2999 καὶ

473 3015 648 3065 ἔλασᾶς,
679 3015 703 3071 ἢ
733 3018 815 3071 γὰρ
845 3017 984 3069 βάσκα
1013 3020 1086 3057 καὶ
1116 3017 1406 3072 καταρράκται
1435 3017 1513 3057 εἶσὶ
1545 3013 1665 3069 παρὰ
1699 3015 1967 3073 Καλλιμάχῳ
1988 3016 2382 3071 ἀναγεγραμμέναι,

474 3076 546 3115 καὶ
577 3073 673 3115 α’νιὶ
700 3072 881 3116 ἑδωλίου
909 3074 1126 3124 εἶδώλιος,
1158 3073 1180 3116 ὁ
1213 3075 1261 3116 δὲ
1292 3074 1552 3125 αίγίθαλλος
1581 3074 1665 3116 οὔτ’
1695 3073 1971 3128 ἐρισάλπιγξ,
2001 3071 2162 3117 ἔστιδὲ
2192 3072 2276 3118 ὑπὸ
2309 3074 2382 3115 τὸν
