2898 3805
1433 417 1485 483 u

518 536 639 575 sente
669 535 771 574 ante
800 532 895 587 ipsa
923 531 1057 573 verba
1087 527 1124 570 οἷ
1149 531 1405 582 Σουνιέρακε
1435 533 1530 570 0611.
1570 528 1783 571 excidisse
1826 533 1923 585 „aaz
1960 532 2018 582 τῷ
2046 527 2185 583 ἱέρακι
2211 535 2268 585 τῷ
2299 530 2412 571 Σου-

519 587 682 643 vaano-3²
715 589 783 632 vel
818 591 916 644 „aaz
945 586 1184 629 Ποσειδῶνι
1210 588 1268 641 τῷ
1296 588 1548 638 Σουνιέρακι
1577 588 1715 641 (-α’κῳ
1728 585 1813 642 ?)“,
1842 600 1896 629 ex
1927 586 2081 640 quibus
2110 589 2413 643 supplementis

519 645 587 701 id,
630 645 743 701 quod
773 647 913 702 priore
944 646 1036 689 loco
1065 643 1229 701 posuit,
1274 642 1387 687 haud
1417 642 1545 687 dubie
1583 644 1727 698 aptius
1769 649 1883 687 esset
1910 644 2060 687 altero.
2118 644 2414 698 Difficultates,

519 716 627 759 quas
656 716 763 746 sano
791 708 907 746 creat
935 703 1075 757 locus,
1115 706 1162 744 ut
1189 701 1236 744 iu
1265 701 1385 744 libris
1414 701 1609 757 mscrptis
1639 699 1842 754 traditur,
1883 701 1972 744 alia
2001 701 2167 744 ratione
2197 702 2412 746 tollendae

519 765 629 804 sunt.
687 761 752 804 Ne
790 761 923 803 multa
954 785 1032 816 —,
1076 771 1181 802 aves
1210 757 1434 814 Olympias
1475 757 1782 814 Aristophanes
1826 771 1910 801 non
1949 758 2085 801 solum
2116 771 2191 801 eas
2219 760 2411 815 intellegi

519 819 666 873 voluit,
698 832 808 873 quae
836 819 880 861 in
911 817 1095 873 Olympo
1124 816 1375 859 Thessaliae
1405 821 1545 858 monte
1565 821 1851 870 versarentur,
1880 817 1951 858 ubi
1972 817 2167 859 habitare
2181 817 2413 860 credebant

520 875 645 930 deos,
689 875 762 930 qui
799 876 929 930 vulgo
966 874 1242 930 appellantur
1269 873 1479 928 Olympii,
1521 873 1610 927 sed,
1638 886 1766 927 quum
1807 878 1975 928 praeter
2009 873 2129 915 illum
2157 869 2269 916 satis'
2291 874 2411 916 multi

517 938 737 976 exstarent
766 937 929 975 montes
959 937 1002 974 et
1031 931 1114 974 loci
1139 930 1243 973 editi
1274 930 1481 973 nominati
1510 929 1659 973 eodem
1689 930 1900 974 vocabulo
1932 932 2171 986 (recensum
2204 929 2410 974 dederuut

520 991 639 1045 Pape
667 995 710 1032 et
737 990 952 1042 Benseler,
981 991 1026 1031 in
1056 989 1168 1040 libri,
1197 988 1269 1041 qui
1299 987 1545 1030 inscribitur
1577 988 1881 1042 „Worterbuch
1912 987 1989 1029 der
2018 988 2322 1030 Griechischeu
2340 989 2411 1029 Ei-

521 1046 803 1102 gennamen“‚
833 1047 882 1089 T.
913 1045 968 1101 II,
998 1059 1037 1101 p.
1071 1044 1183 1088 1055
1212 1057 1266 1088 ex
1295 1044 1423 1087 tertia
1451 1043 1568 1096 edit.)
1614 1048 1657 1087 et
1695 1043 1780 1098 ipsi
1817 1045 1950 1098 sacri,
1995 1043 2135 1087 facete
2178 1045 2245 1086 hic
2279 1051 2407 1099 poeta

513 1103 686 1159 jocatus
714 1107 792 1158 est,
820 1103 1042 1158 Olympios
1071 1102 1261 1156 intellegi
1299 1102 1446 1144 volens
1483 1101 1645 1144 incolas
1674 1113 1890 1143 sacrorum
1920 1101 2124 1143 montium
2154 1106 2197 1143 et
2225 1102 2409 1144 locorum

522 1161 744 1215 editorum,
772 1174 950 1215 quorum
980 1159 1110 1202 etiam
1136 1158 1279 1201 Attica
1308 1172 1440 1201 unum
1469 1157 1713 1200 continebat
1742 1156 1836 1213 jam
1866 1157 1923 1200 ab
1953 1159 2136 1201 Homero
2164 1171 2412 1202 commemo-

519 1223 680 1270 ratum,
723 1217 819 1260 dico
860 1217 1035 1260 Sunium
1077 1217 1182 1259 illud
1221 1229 1386 1259 sacrum
1426 1216 1771 1270 promunturium.
1829 1215 1977 1269 Neque
2015 1215 2163 1259 dubito
2200 1216 2301 1270 quin
2332 1216 2411 1259 hoc

520 1275 760 1318 accuratius
790 1275 1098 1329 significaverit
1127 1286 1253 1328 quam
1283 1273 1477 1316 adhibito
1504 1273 1634 1315 verbo
1663 1274 1933 1325 Σουνιέρακε.
1991 1273 2231 1329 Scripserat
2258 1280 2412 1328 autem,

521 1333 604 1375 nisi
633 1336 721 1375 toto
752 1331 877 1375 fallor
906 1333 1047 1374 caelo:
1092 1332 1491 1384 Σουνιέρακρε,
1535 1330 1574 1372 11.
1603 1343 1640 1372 6.
1670 1329 1853 1372 Sunium
1880 1343 2046 1373 sacrum
2068 1332 2410 1385 promunturium

522 1395 679 1443 tenens,
710 1403 868 1432 memor
894 1389 976 1432 loci
1005 1389 1230 1441 Homerici,
1259 1389 1330 1441 qui
1359 1394 1425 1430 est
1442 1386 1687 1441 Odyss.III,
1716 1388 1814 1429 278.
1873 1388 2014 1429 Etiam
2044 1389 2088 1430 in
2108 1389 2217 1430 Nub.
2239 1389 2310 1430 Vs.
2325 1389 2407 1430 401

521 1447 749 1490 Homerum
780 1450 949 1489 secutus
978 1446 1141 1501 posuit:
1175 1444 1380 1492 Σούνιον,
1410 1445 1542 1495 ἄκρον
1567 1443 1801 1498 Ἀθηνέων.
1860 1445 2147 1500 Aecipitribus
2171 1445 2412 1489 abundasse

522 1505 712 1558 Sunium,
742 1505 810 1546 vel
840 1517 970 1546 unum
999 1502 1242 1558 accipitrem
1259 1502 1585 1545 Atheniensibus
1615 1507 1761 1545 notum
1788 1501 1831 1544 in
1862 1502 1941 1545 hoc
1962 1503 2250 1558 promunturio
2267 1503 2410 1556 fuisse,

523 1575 661 1614 nemo,
689 1561 804 1615 quod
832 1574 914 1614 ego
943 1561 1089 1614 sciam,
1119 1559 1307 1614 prodidit
1335 1560 1583 1613 memoriae:
1614 1573 1691 1601 nec
1706 1572 1782 1614 per
1797 1572 1843 1601 86
1859 1565 1946 1601 tam
1965 1561 2187 1614 probabile
2203 1566 2267 1602 est
2287 1574 2413 1614 quam

522 1619 582 1661 ibi
613 1617 737 1661 nidos
768 1618 966 1662 habuisse
996 1616 1197 1661 ciconias.
1255 1616 1432 1660 Accedit
1457 1615 1569 1671 quod
1596 1617 1735 1660 minus
1765 1616 1919 1671 placet,
1958 1618 2200 1673 accipitrem
2232 1618 2413 1660 ciconia·

522 1690 615 1718 rum
657 1676 873 1718 dominum
917 1675 1137 1730 appellari.
1194 1675 1347 1729 Aptius
1390 1687 1494 1716 sane
1536 1678 1711 1716 vocatur
1755 1675 1857 1715 deus
1897 1688 1947 1715 ex
1973 1689 2121 1729 yenere
2148 1676 2413 1718 ciconiarum.

522 1734 731 1787 Denique,
757 1733 795 1775 si
826 1738 938 1775 recte
967 1733 1208 1788 opinantur,
1237 1744 1373 1785 avem,
1403 1731 1457 1774 de
1487 1744 1569 1785 qua
1598 1731 1678 1773 hoc
1708 1731 1800 1774 loco
1831 1743 1971 1774 sermo
1999 1737 2077 1785 est,
2107 1746 2200 1774 cum
2217 1733 2413 1787 Neptuno

523 1790 718 1844 conferri,
749 1791 819 1843 qui
850 1791 895 1831 in
926 1790 1066 1843 Equit.
1095 1789 1167 1831 Vs.
1187 1789 1274 1831 560
1302 1792 1479 1830 vocatur
1508 1789 1813 1840 Σουνιάραιος,
1844 1793 2067 1831 censentes
2097 1790 2227 1830 etiam
2260 1789 2414 1845 „verbo

524 1846 778 1899 πελαργικὸς
806 1845 939 1889 alludi
957 1846 1015 1888 ad
1036 1844 1305 1895 astaram-⁴⁴,
1335 1845 1501 1888 ciconia
1528 1845 1658 1887 multo
1685 1846 1825 1898 magis
1854 1846 2039 1899 quadrat
2066 1848 2123 1889 ad
2153 1847 2264 1888 hunc
2292 1846 2415 1888 deum

526 1917 654 1958 quam
681 1903 908 1958 accipiter,
938 1903 1009 1957 qui
1039 1915 1244 1956 nusquam
1274 1902 1452 1944 refertur
1480 1901 1537 1944 ad
1566 1902 1689 1944 deum
1719 1902 1862 1944 maris.
1922 1903 2057 1945 Simul
2097 1903 2227 1945 etiam
2257 1902 2309 1945 de
2339 1903 2416 1945 Pe-

525 1961 660 2017 lasgis
688 1960 921 2016 significari
951 1959 1098 2015 videri,
1139 1959 1211 2015 qui
1241 1959 1370 2002 etiam
1399 1959 1498 2002 aliis
1528 1959 1630 2002 locis
1661 1972 1756 2002 cum
1785 1960 1960 2003 ciconiis
1991 1965 2300 2017 comparantur,
2324 1960 2415 2016 jam

526 2020 626 2061 olim
657 2020 875 2069 annotavi,
908 2019 981 2060 cfr.
1010 2031 1120 2072 quae
1149 2017 1406 2072 Blaydesius
1436 2018 1649 2071 congessit
1678 2017 1703 2059 l.
1734 2030 1769 2059 c.
1799 2031 1839 2072 p.
1871 2019 1970 2060 325.
2027 2019 2116 2061 Nec
2151 2024 2293 2061 tamen
2322 2032 2418 2074 pro-

526 2080 673 2132 pterea
706 2075 941 2130 Πελαργικέ
963 2074 1228 2119 scribendum
1249 2078 1314 2117 est
1340 2074 1479 2130 prima
1504 2074 1626 2117 litera
1664 2074 1913 2128 majuscula.
1972 2075 2132 2119 Contra
2159 2077 2203 2118 in
2233 2076 2304 2118 Vs.
2332 2076 2417 2118 875

531 2147 612 2189 ego
643 2133 813 2187 quidem
840 2133 1102 2188 scripserim:
1134 2134 1331 2185 στρουθῷ
1360 2132 1543 2188 Μεγάλῃ
1574 2134 1714 2184 Μητρὶ
1744 2134 1874 2173 θεῶν.

648 2192 800 2233 Restat
843 2191 971 2232 etiam
1016 2195 1063 2232 ut
1092 2202 1365 2244 quaeramus,
1409 2190 1576 2231 cuinam
1614 2189 1872 2231 attribuendi
1903 2190 1990 2231 sint
2019 2202 2165 2232 versus
2195 2191 2291 2243 868,
2323 2191 2418 2239 874,

536 2249 632 2300 877,
665 2249 762 2288 880.
821 2248 886 2289 De
916 2248 981 2288 his
1011 2247 1265 2301 Blaydesius
1295 2247 1403 2287 haec
1432 2247 1579 2288 refert:
1613 2247 1861 2301 „Sacerdoti
1894 2252 2002 2288 cont.
2032 2248 2082 2290 R.
2113 2247 2207 2288 Ald.
2238 2250 2320 2288 ΠΕ.
2352 2271 2419 2301 -,

531 2305 575 2346 ni
609 2305 734 2346 fallor
763 2305 809 2347 B.
838 2305 882 2347 S.
912 2305 977 2346 De
1007 2304 1056 2346 V.
1086 2319 1170 2346 non
1200 2303 1373 2356 liquet“.
1431 2304 1469 2345 A
1509 2303 1698 2357 plurimis
1746 2304 2051 2345 recentioribus
2090 2305 2302 2357 judicibus
2342 2306 2419 2345 cri—

530 2360 626 2404 ticis
657 2360 812 2404 dantur
842 2360 1127 2415 Pithethaero‚
1156 2373 1183 2403 a
1206 2359 1423 2403 Brunckio
1453 2366 1579 2414 atque
1609 2359 1777 2403 Kockio
1807 2360 1948 2403 choro.
2007 2361 2213 2415 Equidem
2243 2375 2336 2404 cum
2368 2360 2421 2404 de

531 2419 628 2462 aliis
658 2419 799 2462 causis
828 2424 916 2461 tum
947 2418 1000 2461 de
1030 2419 1096 2474 iis,
1126 2430 1232 2474 quas
1261 2418 1436 2474 protulit
1466 2417 1667 2474 Kockius‚
1698 2417 1946 2462 tribuendos
1976 2430 2069 2462 csse
2089 2419 2283 2462 existimo
2305 2417 2420 2461 duci·

531 2477 610 2519 bus
640 2477 990 2519 hemichoriorum
1021 2490 1215 2533 pompae.

1380 2533 1451 2576 Vs.
1482 2534 1576 2575 881.

648 2590 858 2635 Sacerdos
888 2591 1043 2634 transit
1069 2589 1125 2633 ad
1156 2589 1306 2634 1161068
1337 2595 1378 2633 61
1407 2589 1578 2634 11610818
1608 2589 1762 2633 11116108
1794 2589 1860 2633 1118
1890 2590 2054 2634 verbis:

712 2649 715 2652 ’
992 2651 1063 2688 καὶ
1094 2647 1237 2702 ἥρωσι,
1267 2650 1337 2687 καὶ
1368 2647 1517 2698 ὄρνισι,
1546 2649 1616 2687 καῖ
1646 2646 1800 2701 ἥρω’ων
1830 2650 1965 2695 παισί,
1995 2651 2066 2688 καὶ
2095 2649 2374 2702 πορφυρίωνι.

649 2705 697 2747 In
727 2705 867 2747 verbis
897 2708 968 2744 καὶ
995 2705 1130 2757 ὄρνισι
1161 2706 1262 2759 quin
1292 2705 1489 2747 mendum
1517 2706 1583 2759 sit,
1615 2704 1805 2746 dubitari
1836 2707 1992 2758 nequit.
2054 2706 2194 2756 Quare
2232 2705 2421 2747 homines

536 2761 648 2803 docti
678 2766 754 2803 aut
783 2762 909 2803 ambo
940 2762 1127 2803 insiticia
1156 2775 1250 2803 esse
1279 2766 1527 2815 statuerunt,
1556 2766 1633 2803 aut
1655 2761 1785 2816 prius,
1815 2762 2017 2816 scriptum
2038 2761 2168 2803 fuisse
2182 2766 2424 2804 censentes:

535 2818 692 2872 ἥρωσιν
738 2818 887 2871 ὄρνισι.
945 2819 1002 2862 Α1
1045 2822 1195 2862 neutra
1238 2819 1450 2862 sententia
1494 2818 1561 2861 vel
1600 2832 1677 2874 per
1717 2832 1764 2861 se
1798 2818 2038 2861 admodum
2077 2818 2311 2874 probabilis
2347 2824 2424 2861 est.

535 2876 684 2931 Alteri,
714 2889 841 2930 quam
871 2876 921 2918 G.
951 2875 1219 2918 Hermanuus
1248 2877 1408 2932 primus
1436 2876 1620 2931 protulit,
1650 2877 1939 2931 probaverunt
1966 2877 2041 2918 alii
2069 2876 2230 2930 egregii
2256 2875 2426 2930 judices

539 2934 689 2988 critici,
720 2946 803 2976 non
833 2934 968 2975 solum
997 2934 1042 2975 id
1072 2934 1234 2987 obstat,
1273 2933 1386 2987 quod
1420 2937 1490 2973 καὶ
1518 2933 1723 2987 reperitur
1751 2934 1794 2974 in
1825 2933 1943 2974 libris
1973 2933 2181 2988 inscriptis
2210 2934 2268 2974 ad
2298 2946 2428 2975 unum

537 2990 732 3032 omnibus
772 3003 851 3032 nec
899 2995 1041 3032 tamen
1087 2990 1214 3032 facile
1258 2991 1467 3045 explicari
1511 2995 1669 3045 potest,
1716 2990 1829 3031 unde
1880 2990 2086 3043 originem
2125 2992 2306 3044 ceperit,
2351 2990 2428 3033 sed

538 3047 668 3088 etiam
710 3046 777 3101 id,
818 3047 930 3100 quod
961 3049 1112 3101 ὄρνισι·
1132 3048 1260 3103 plane
1291 3046 1556 3102 superfluum,
1596 3059 1649 3089 116
1679 3046 1817 3088 dicam
1847 3047 2035 3101 ineptum
2065 3045 2244 3089 videtur.
2302 3047 2430 3090 Prae·

538 3108 656 3146 terea
686 3103 766 3146 hoc
796 3105 969 3146 verbum
998 3118 1135 3160 aequo
1159 3104 1258 3161 jure
1287 3109 1414 3160 atque
1444 3106 1573 3161 verbo
1604 3103 1733 3159 ἥρωσι
1758 3102 1999 3145 addendum
2027 3109 2121 3147 erat
2139 3105 2269 3147 ctiam
2290 3105 2431 3148 verbis

2050 3175 2110 3213 2*
