2898 3805
1376 370 1432 418 18

446 489 575 532 etiam
603 489 662 531 ad
691 493 844 532 anates
870 486 1134 542 portati-ica,
1164 499 1264 528 nam
1294 485 1472 528 verbum
1502 487 1629 539 νῆσαι
1657 486 1781 529 simul
1802 490 2016 530 exstruere
2043 486 2260 540 siguificat
2286 495 2350 531 at-

446 557 530 601 que
563 549 832 600 conspurcare.
859 570 917 577 —
948 544 1098 587 Restat
1128 548 1174 585 ut
1202 541 1390 585 breviter
1411 540 1602 586 dicamus
1625 541 1680 586 de
1709 543 1863 598 verbis,
1877 542 2046 599 quibus
2077 542 2352 588 hirundinum

446 603 666 658 negotium
695 606 1060 647 commemoratur.
1119 600 1267 655 Fingit
1296 605 1437 655 poeta,
1467 600 1548 644 hoc
1576 601 1784 645 contineri
1813 613 1889 656 eo,
1916 599 2030 655 qnod
2116 612 2172 644 ue
2200 605 2353 646 anates

451 661 649 704 volantes
679 660 958 704 asciamsive
986 658 1159 701 trullam
1189 662 1233 699 et
1264 657 1399 699 lutum
1438 657 1619 700 sublime
1649 664 1794 701 tenent
1822 658 1867 700 in
1897 671 1982 700 ore.
2081 656 2170 700 aud
2197 657 2354 701 sufficit

446 716 576 761 trulla
605 716 714 772 sola,
742 716 820 761 sed
849 716 979 760 etiam
1009 715 1098 758 luto
1129 718 1196 757 est
1225 726 1347 769 opus,
1376 714 1477 769 quia
1505 713 1560 758 de
1590 727 1710 759 muro
1739 714 1869 759 crudo
1899 715 2033 758 latere
2061 718 2105 758 et
2131 714 2222 758 luto
2252 727 2350 758 cou-

447 773 653 818 strnendo
682 774 838 830 agitur.
895 773 1051 816 Lutum
1081 771 1138 814 ad
1168 770 1370 826 ligandos
1399 772 1590 826 singulos
1620 771 1775 816 lateres
1803 785 1880 816 suo
1909 772 2002 815 loco
2021 771 2250 815 collocatos
2278 785 2351 815 ue·

448 833 681 875 cessarium
723 836 817 874 erat
861 835 905 873 et
945 830 1004 873 ad
1047 829 1297 884 replendum
1343 827 1709 884 aequantiumque.
1784 831 1863 873 His
1911 830 2036 872 rebus
2091 828 2352 872 inserviebat

447 889 591 944 trulla,
620 888 875 938 ὑπαγωγεύς,
904 900 1015 942 quae
1044 886 1210 930 Graece
1239 885 1480 941 appellatur
1508 886 1637 929 etiam
1668 888 1840 940 ξυσιήρ,
1870 885 2032 936 ξυστόν,
2062 885 2348 939 παράξυστον.

447 945 600 1002 Itaque
629 945 736 988 scite
765 943 1023 1000 Blaydesins
1052 956 1129 1000 pro
1160 944 1233 983 τὸν
1262 941 1401 998 πηλὸν
1429 942 1700 986 scribendum
1729 956 1824 987 esse
1853 942 2055 1001 conjecit:
2086 945 2174 982 καὶ
2203 942 2350 997 πηλὸν.

450 1004 608 1047 Verum
638 1002 856 1047 enimvero
879 1015 934 1046 ne
949 1002 1012 1046 sic
1032 1001 1203 1057 quidem
1219 1000 1448 1055 genuinam
1468 1005 1622 1057 poetae
1644 1014 1816 1045 manum
1834 1001 2029 1047 restituit.
2072 1001 2132 1046 Ut
2145 1000 2350 1056 omittam,

446 1062 593 1118 paullo
624 1061 869 1116 graviorem
898 1072 993 1104 esse
1021 1059 1322 1113 mutationem,
1363 1059 1678 1115 exspectaverit
1716 1059 1893 1115 aliquis,
1936 1072 2066 1115 quum
2096 1063 2226 1102 antea
2256 1063 2308 1099 το
2326 1073 2349 1098 ν

448 1117 682 1169 ὑπαγωγέα
728 1118 885 1162 dixerit
926 1123 1076 1173 poeta,
1122 1116 1250 1159 etiam
1291 1116 1360 1157 hic
1399 1117 1622 1159 articulum
1651 1116 1846 1159 additum
1876 1130 1983 1160 esse.
2041 1115 2351 1171 Corrigendum

449 1181 534 1220 est:
564 1191 639 1216 πα
652 1175 707 1217 ιδ
717 1175 793 1229 ίή“.
852 1175 1040 1218 Probata
1082 1174 1161 1216 hac
1198 1173 1433 1216 mutatione
1470 1174 1656 1216 omnium
1700 1173 1906 1217 facillima
1944 1173 2229 1217 nanciscimur
2257 1186 2350 1217 sen-

448 1233 627 1277 tentiam
657 1233 878 1289 aptiorem.
937 1232 1050 1275 Dicit
1079 1230 1192 1274 enim
1220 1233 1350 1286 poeta
1380 1227 1591 1286 expressis
1621 1231 1777 1285 verbis,
1808 1231 2057 1274 hirundines
2086 1231 2255 1274 trullam
2276 1234 2350 1274 aut

447 1292 581 1332 lutum
623 1294 897 1346 apportasse,
942 1289 981 1330 h.
1012 1301 1050 1330 e.
1079 1293 1243 1343 partem
1283 1287 1427 1343 illam,
1468 1292 1635 1343 partem
1678 1288 1769 1330 hoc.
1827 1288 1996 1344 Quippe
2025 1288 2151 1330 simul
2180 1294 2350 1344 portare

448 1348 618 1390 trullam
648 1352 693 1390 et
719 1348 853 1389 lutum
882 1359 989 1388 onus
1016 1345 1199 1399 siugulis
1229 1344 1526 1387 hirundinibus
1554 1345 1681 1387 nimis
1705 1357 1838 1399 grave
1856 1345 1994 1387 videri
2021 1345 2171 1399 potuit.
2230 1345 2350 1387 Man·

448 1403 575 1447 datur
617 1408 760 1459 autem
803 1402 1103 1446 hirundinibus
1146 1401 1225 1443 hoc
1267 1401 1482 1456 negotium
1519 1401 1751 1444 secuudum
1786 1401 1949 1445 scholia
1976 1406 2203 1458 propterea
2232 1399 2348 1457 quod

447 1463 521 1502 τὸν
562 1461 701 1512 πηλὸν
743 1461 792 1502 ἓν
834 1466 920 1507 τοῖς
963 1460 1140 1511 στόμασι
1184 1458 1420 1509 κομίζουσι,
1466 1458 1570 1499 ὅταν
1615 1463 1690 1505 τὰς
1734 1462 1925 1506 νεοσσιὰς
1969 1458 2348 1507 κατασκευάζουσιν.

447 1517 564 1561 Addi
592 1522 751 1573 potest,
794 1516 946 1560 trullas
976 1516 1245 1571 aliquatenus
1282 1515 1540 1570 respondere
1582 1516 1807 1559 sarmentis
1837 1521 1880 1559 et
1907 1515 2087 1559 surculis
2116 1515 2172 1559 ab
2205 1515 2349 1558 hirun-

447 1576 620 1618 dinibus
659 1575 716 1617 ad
746 1574 1055 1617 construendos
1093 1574 1215 1614 nidos
1246 1575 1497 1628 apportatis,
1527 1574 1581 1615 de
1612 1587 1697 1627 qua
1720 1587 1765 1616 re
1781 1573 1854 1615 cfr.
1872 1575 2044 1616 Aristot.
2060 1574 2168 1616 Hist.
2184 1587 2253 1616 au.
2268 1574 2350 1626 IX,

447 1633 488 1686 7,
517 1635 557 1675 2.
617 1631 744 1675 Certe
772 1645 901 1687 quum
932 1629 1177 1674 hirundines
1207 1634 1378 1684 portare
1409 1630 1514 1672 talia
1547 1635 1695 1673 suetae
1715 1635 1870 1684 essent,
1900 1631 2029 1673 etiam
2054 1630 2237 1674 idoneae
2256 1643 2352 1673 esse

446 1689 583 1732 videri
612 1694 812 1744 poterant
839 1688 897 1731 ad
926 1688 1040 1731 levia
1060 1687 1216 1730 bacilla
1232 1687 1379 1741 lignea
1400 1687 1680 1743 apportanda,
1710 1701 1821 1741 quae
1839 1688 2107 1742 propriarum
2127 1689 2350 1730 trullarum

448 1746 682 1790 ferrearum
708 1747 766 1790 ab
810 1744 1052 1789 hominibus
1091 1748 1390 1800 usurpatarum
1428 1744 1562 1787 locum
1600 1748 1806 1788 tenerent.
1864 1743 2063 1789 Ceterum
2099 1744 2349 1788 hirundines

447 1803 565 1848 haud
595 1804 718 1861 ipsae
747 1802 923 1860 opifices
953 1815 1046 1846 esse
1076 1802 1306 1858 finguntur,
1334 1801 1410 1845 sed
1439 1814 1595 1858 operas
1615 1806 1780 1845 tantum
1796 1801 1898 1846 dare
1915 1802 2116 1846 anatibus
2133 1807 2179 1846 ut
2200 1802 2351 1846 harum

446 1862 615 1918 pueruli
644 1863 737 1905 sive
767 1861 926 1905 servuli
954 1859 1169 1916 (παιδία);
1211 1872 1343 1914 quare
1374 1860 1568 1902 dicuntur
1599 1861 1691 1899 ἅνω
1721 1860 1831 1911 ἔχειν
1859 1862 1931 1900 τόν
1960 1860 2191 1911 ὑπαγωγέα
2221 1862 2248 1915 η’·
2278 1862 2352 1900 τὸν

447 1919 587 1972 πηλὸν
626 1924 669 1960 et
709 1919 917 1958 πέτεσθαι
961 1918 1140 1958 κατόπιν
1184 1918 1285 1969 (τῶν
1327 1919 1513 1970 νηττῶν).
1573 1917 1696 1967 Quod
1726 1923 1869 1959 autem
1899 1931 1993 1960 cum
2019 1918 2208 1973 puerulis
2237 1931 2347 1959 com-

447 1980 656 2031 parantur
686 1975 815 2018 etiam
844 1973 943 2017 ideo
973 1978 1037 2017 est
1065 1973 1344 2029 aptissimum,
1374 1973 1486 2028 quod
1515 1986 1677 2029 parvae
1706 1979 1805 2017 suut
1834 1987 1950 2018 aves.

1245 2030 1316 2073 Vs.
1350 2031 1458 2073 1246
1489 2044 1551 2085 sq.

1196 2088 1617 2130 ΠΕέΘΕΤΑΙΡΟΣ.

911 2142 981 2197 ἆρ’
1011 2144 1126 2185 οἶσθ’
1156 2143 1218 2184 ὅτι
1247 2145 1356 2193 Ζεὺς
1385 2146 1427 2185 εἴ
1453 2160 1504 2196 με
1535 2145 1710 2198 λυπήσει
1740 2146 1865 2198 πέρα,

908 2199 1117 2256 μέλαθρα
1145 2202 1226 2253 μὲν
1254 2199 1385 2242 αὐτοῦ
1416 2204 1486 2241 καὶ
1516 2200 1676 2255 δόμους
1701 2199 1932 2256 Ἀμφίονος

911 2258 1230 2299 καταιθαλώσω
1260 2260 1546 2311 πυρφόροισιν
1575 2258 1726 2306 αἐτοῒς,

911 2316 1074 2367 πέμψω
1106 2313 1153 2355 δὲ
1184 2316 1488 2369 πορφυρίωνας
1515 2315 1559 2363 ἐς
1588 2316 1660 2356 τὸν
1689 2313 1877 2367 οὐρανὸν

908 2373 1025 2425 ὄρνις
1052 2372 1121 2412 ἐπ’
1152 2371 1294 2421 αὐτὸν,
1328 2373 1556 2426 παρδαλᾶς
1586 2373 1856 2426 ἐνημμένους,

890 2429 1034 2470 -πλετν
1062 2427 1307 2477 ἑξακοσίους
1335 2431 1408 2469 τὸν
1437 2428 1649 2482 α’ριθμόν·
1682 2432 1753 2469 καὶ
1783 2428 1836 2482 δή
1866 2443 1966 2470 ποτε

909 2484 967 2534 εἷς
1001 2488 1261 2538 Πορφυρίων
1290 2484 1403 2541 ‹xivg-3
1430 2490 1613 2540 παρέσχε
1645 2488 1889 2539 πράγματα.

912 2544 962 2583 σύ
994 2541 1032 2582 δ’
1063 2544 1103 2582 εἴ
1130 2558 1182 2593 με
1211 2542 1409 2596 λυπήσεις
1438 2559 1486 2595 τι,
1517 2545 1587 2596 τῆς
1617 2542 1820 2583 διακόνου

911 2598 1079 2654 πρώτης
1106 2597 1329 2648 ἀνατείνας
1358 2601 1414 2640 τώ
1442 2599 1568 2655 σκέλη
1598 2599 1810 2654 διαμηριῶ

911 2659 985 2711 τὴν
1007 2655 1108 2710 Ἰριν
1138 2656 1279 2711 αὐτὴν,
1313 2657 1412 2706 ὤςτε
1440 2657 1682 2711 θαυμάζειν
1713 2656 1831 2705 ὅπως

914 2714 1023 2756 οὕτω
1054 2717 1189 2768 γέρων
1219 2717 1280 2755 ὥν
1310 2714 1483 2768 στύομαι
1513 2714 1777 2768 τριέμβολον.

564 2771 615 2814 In
646 2783 771 2815 versu
804 2772 913 2814 1247
953 2784 1006 2815 ex
1037 2772 1236 2827 Aeschyli
1268 2772 1409 2816 Nioba
1438 2774 1570 2829 petito
1615 2772 1708 2828 (cfr.
1739 2772 1906 2814 Nauck.
1936 2772 2066 2826 Trag.
2097 2772 2169 2816 Gr.
2200 2772 2356 2827 fragm.

451 2828 552 2883 155)
596 2830 742 2872 nescio
782 2843 840 2872 an
884 2830 941 2872 ab
982 2830 1267 2885 Aristophane
1310 2831 1510 2886 scriptum
1555 2830 1707 2873 suerit:
1753 2832 1886 2870 κατὰ
1926 2828 2086 2882 δόμους
2111 2829 2353 2882 Ἀμφίονος,

447 2888 497 2928 in
524 2887 692 2928 modum
719 2887 887 2929 aedium
916 2887 1189 2940 Amphionis,
1219 2901 1346 2940 aeque
1375 2893 1496 2941 atque
1525 2889 1648 2930 aedes
1678 2887 1834 2938 Amph.
1893 2886 1980 2928 Gfr.
2011 2887 2081 2928 Vs.
2114 2887 2238 2929 1002.

563 2943 776 2986 Graviora
804 2943 961 2987 menda
991 2944 1137 2986 insunt
1166 2944 1211 2986 in
1243 2944 1313 2987 Vs.
1346 2946 1456 2988 1253
1487 2959 1549 2998 sq.
1608 2945 1670 2986 Ac
1698 2943 1835 2997 prima
1865 2942 2036 2996 quidem
2064 2944 2198 2987 verba
2230 2944 2282 2984 σὺ
2312 2943 2352 2983 δ’

446 3000 486 3038 εἴ
513 3013 565 3049 με
596 2999 797 3053 λυπήσεις
826 3014 878 3049 τι,
908 3001 1058 3055 inepta
1088 3012 1195 3054 esse,
1225 3001 1400 3055 egregie
1430 3002 1572 3055 miror,
1601 2999 1715 3054 quod
1736 3011 1858 3041 nemo
1887 2999 2029 3042 adhuc
2053 3001 2199 3043 sensit.
2259 3000 2355 3042 Non

445 3057 583 3110 potuit
612 3069 750 3099 sermo
781 3069 876 3100 esse
905 3057 960 3100 de
989 3056 1148 3110 dolore,
1178 3069 1303 3110 quem
1332 3058 1413 3100 Iris
1442 3058 1609 3101 factura
1639 3060 1752 3099 esset
1772 3056 2045 3111 Pithetaer03
2074 3058 2202 3100 immo
2225 3060 2356 3112 poeta
