2898 3805
1398 342 1426 386 6

474 461 632 512 ratam,
674 469 801 511 quam
830 454 1010 500 eandem
1039 467 1133 498 esse
1173 460 1303 510 atque
1344 468 1449 500 aera
1490 455 1713 511 significat.
1771 456 1850 499 Est
1875 456 2007 512 igitur
2043 460 2116 498 καὶ
2150 458 2358 513 particula

472 513 754 569 significantis
780 511 1031 566 accuratius,
1059 526 1143 556 non
1173 526 1329 557 novum
1358 512 1462 569 quid
1486 513 1697 557 addentis.
1755 512 2011 558 Confer-endi
2039 520 2138 558 sunt
2150 514 2356 572 imprimis

473 582 626 615 versus
659 572 754 626 193,
784 570 838 615 de
867 582 950 626 quo
978 569 1174 626 superius
1202 581 1339 615 sermo
1368 571 1462 626 fuit,
1489 575 1533 615 et
1563 571 1696 615 1218:

929 626 1003 670 διὰ
1035 628 1105 683 τῆς
1133 627 1296 677 πόλεως
1323 629 1395 685 τῆς
1422 626 1648 684 ἀλλοτρίας
1676 629 1748 669 καὶ
1776 629 1850 673 tos,
1874 627 2019 682 χάους,

471 691 692 742 praeterea
721 689 849 730 etiam
880 687 951 729 Vs.
982 687 1115 728 1173:

927 743 1000 785 διὰ
1030 745 1114 785 aar
1142 742 1290 785 πυλῶν
1318 741 1512 786 εἶσέπωΐ
1540 742 1600 792 εἰς
1627 743 1701 784 τὸν
1723 740 1847 796 α’έρα,

470 801 542 845 Vs.
575 802 688 846 1190
717 814 778 858 sq.
810 802 906 859 184,
936 800 1060 844 1515.

1270 857 1343 900 Vs.
1373 858 1455 900 561
1488 870 1551 912 sq.

1209 914 1618 956 ΠΕῙΘΕΤΑΙΡΟΣ.

923 978 1008 1020 τοῖς
1038 971 1075 1012 δ’
1105 969 1361 1024 ἀνθρώποις
1388 970 1507 1024 ὄρνιν
1533 972 1674 1024 ἕτερον
1701 972 1877 1025 πέμψαι
1905 971 2066 1025 κήρυκα
2095 971 2264 1023 κελεύω,

929 1027 986 1077 ὥς
1016 1027 1208 1084 ὀρνίθων
1235 1027 1543 1080 βασιλευόντων
1572 1029 1701 1069 θύειν
1727 1027 1864 1080 ὄρνισι
1891 1030 1936 1069 τὸ
1966 1027 2142 1070 λοιπόν·

929 1087 1107 1127 κᾶπειτα
1137 1088 1256 1133 θεοῖς
1284 1084 1455 1138 ὕστερον
1483 1083 1633 1133 αὖθις·
1663 1087 2003 1138 προςνείμασθαι
2031 1085 2080 1126 δὲ
2108 1087 2352 1142 πρεπόντως

928 1150 1034 1186 ww·
1063 1145 1230 1184 θεοῖσιν
1257 1143 1341 1183 τῶν
1370 1141 1561 1197 ὀρνίθων
1589 1141 1636 1190 ὃς
1665 1143 1722 1183 ἄν
1749 1140 1914 1200 ἃρμόζῃ
1943 1143 2046 1184 καθ’
2075 1144 2270 1186 ἕκαστον·

929 1201 984 1256 ἢν
1009 1198 1242 1257 Ἀφροδίτῃ
1273 1201 1376 1258 θύῃ,
1406 1200 1564 1253 πυροὺς
1592 1199 1738 1254 ὄρνιθι
1767 1198 1972 1255 φαληρίδι
2002 1201 2148 1244 θύειν·

926 1258 980 1313 ἢν
1008 1256 1056 1299 δὲ
1086 1256 1322 1298 Ποσειδῶνί
1349 1266 1409 1306 τις·
1437 1256 1505 1298 ο1ν
1532 1256 1633 1315 θύῃ,
1664 1255 1782 1315 νῆπῃ
1812 1257 1970 1310 moces
1997 1257 2264 1309 καθαγίζειν·

926 1317 978 1369 ἢν
1005 1313 1044 1355 δ’
1064 1313 1284 1366 Ἡρακλέει
1314 1314 1404 1371 θύῃ
1424 1329 1484 1362 ης
1508 1316 1629 1366 βοῦν,
1657 1313 1776 1369 λα’ρῳ
1805 1316 1980 1363 νασωὺς
2005 1315 2290 1367 μελιτσύπας·

922 1372 1004 1413 κᾶν
1032 1373 1101 1413 Διὶ
1129 1371 1216 1428 θύῃ
1245 1370 1413 1422 βασιλεῐ
1438 1371 1568 1424 κριόν,
1596 1369 1793 1423 βασιλεύς
1819 1370 1901 1413 ἐπ’
1931 1371 2096 1425 ὀρχίλος
2123 1372 2251 1425 ὄρνις,

922 1427 958 1486 ᾤ
986 1430 1172 1484 προτέρῳ
1205 1427 1273 1468 δεῖ
1298 1430 1372 1469 ms}
1402 1428 1501 1477 Διὸς
1529 1426 1660 1471 αὐτοῦ
1686 1429 1846 1482 σέρφον
1884 1429 2051 1482 ἔνορχιν
2089 1429 2350 1483 σφαγιάζειν.

582 1488 768 1530 Μώιίωο
797 1487 981 1543 corrupti
1012 1491 1110 1529 sunt
1138 1499 1296 1537 versus,
1326 1487 1398 1540 qui
1426 1498 1592 1529 versum
1615 1486 1702 1529 564
1729 1486 1957 1541 excipiunt.
2015 1487 2253 1531 Secundum
2283 1502 2348 1543 ea,

470 1558 580 1600 quae
608 1545 831 1588 annotavit
856 1543 1106 1588 scholiastes
1132 1542 1190 1586 ad
1218 1544 1330 1585 hunc
1358 1556 1545 1586 versum:
1589 1544 1931 1596 προσνείμασθαι
1960 1543 2034 1593 δέ,
2076 1547 2243 1597 μερίσαι
2277 1549 2348 1585 καὶ

469 1605 792 1657 προσοικειῶσαι
818 1601 939 1657 ὄρνιν
967 1600 1126 1656 ἑκάστῳ
1154 1602 1261 1657 θεῷ’,
1290 1599 1442 1655 ὶέρακα
1459 1599 1708 1650 Λπόλλωνι,
1739 1604 1810 1642 καὶ
1839 1603 1888 1642 ια
1915 1599 2022 1654 ἑξῆς,
2053 1602 2115 1645 ita
2145 1602 2278 1646 videri
2295 1615 2347 1647 ac

469 1661 506 1702 si
536 1660 646 1703 inter
674 1672 843 1703 versum
872 1659 958 1703 564
986 1665 1029 1702 et
1057 1659 1142 1702 565
1171 1658 1388 1701 minimum
1428 1671 1535 1701 unus
1574 1658 1855 1701 intercidisset
1883 1671 2054 1713 versus,
2096 1661 2140 1701 in
2180 1673 2262 1714 qno
2293 1660 2346 1702 de

467 1717 667 1773 Apolline
696 1723 739 1817 eg
768 1718 839 1760 avi
867 1717 948 1774 ipsi
979 1730 1116 1771 sacra,
1145 1716 1423 1771 probabiliter
1450 1716 1654 1771 accipitre
1684 1715 1775 1771 (cfr.
1795 1716 1866 1759 Vs.
1880 1716 1997 1771 516),
2027 1729 2164 1759 sermo
2184 1717 2345 1771 fuisset,

467 1774 551 1817 'am
580 1775 680 1817 olim
739 1775 904 1817 iximus.

459 1789 478 1830 J
582 1831 633 1875 In
662 1832 734 1877 Vs.
763 1832 849 1876 565
877 1836 921 1876 et
949 1831 1034 1874 566
1064 1830 1284 1873 verborum
1316 1832 1471 1884 πυροὺς
1488 1829 1734 1873 alterutrum
1756 1830 1952 1874 vitiosum
1970 1843 2075 1884 esse,
2100 1829 2193 1887 jam
2211 1831 2344 1874 Brun·

467 1890 589 1933 ckius
618 1892 762 1933 sensit.
820 1889 1076 1933 Existimant
1104 1892 1244 1931 autem
1276 1889 1436 1940 πυρούς
1465 1887 1603 1942 priore
1632 1887 1725 1930 loco
1755 1889 1933 1943 positum
1964 1890 2241 1944 corruptelam
2258 1894 2343 1932 tra-

468 1949 596 2002 xisse,
627 1960 735 2002 quae
764 1947 975 1990 sententia
1005 1947 1041 1988 si
1071 1950 1182 1988 esset
1211 1957 1334 1999 vera,
1373 1947 1556 1986 maxime
1585 1946 1948 1988 commendaretur
1975 1945 2214 2000 conjectura
2241 1947 2343 1988 Mei—

467 2004 587 2046 nekii
626 2004 892 2047 scribendum
931 2017 1026 2047 esse
1063 2002 1294 2050 censentis:
1335 2004 1501 2053 γύρους.
1557 2003 1616 2043 At
1651 2002 1762 2044 enim
1799 2016 1898 2045 vero
1942 2017 2064 2046 nemo
2103 2003 2242 2045 adhuc
2271 2003 2342 2046 ob-

465 2061 671 2115 servavit,
715 2075 841 2105 sacra
869 2061 952 2104 diis
981 2065 1024 2103 et
1061 2059 1211 2102 avibus
1254 2058 1474 2101 offerenda
1514 2058 1826 2102 accuratissime
1861 2060 1970 2102 inter
1998 2073 2044 2103 se
2073 2059 2342 2116 respondere.

466 2118 524 2161 Ut
552 2120 762 2173 victimae,
793 2120 846 2162 de
876 2119 1027 2173 quibus
1055 2118 1098 2159 in
1130 2118 1200 2160 Vs.
1221 2117 1305 2158 568
1327 2121 1369 2157 et
1398 2117 1481 2157 569
1511 2129 1646 2158 sermo
1677 2121 1752 2170 est,
1783 2119 1897 2168 κριὸς
1916 2121 1959 2160 et
1979 2120 2133 2171 σέρφος
2151 2117 2339 2171 ἐνόρχης,

467 2175 673 2217 animalia
702 2181 800 2218 sunt
831 2188 986 2231 genere
1017 2175 1197 2229 diverso,
1227 2179 1381 2215 natura
1410 2173 1622 2215 simillima
1650 2179 1692 2214 et
1720 2187 1824 2215 sexu
1855 2173 2015 2229 eadem,
2043 2175 2105 2216 sic
2126 2175 2251 2217 etiam
2283 2174 2339 2228 id,

465 2245 546 2286 quo
577 2233 899 2275 sacrificandum
931 2246 1023 2275 esse
1052 2233 1171 2274 anati
1200 2231 1465 2272 Pithetaerus
1494 2231 1702 2285 praecipit
1730 2232 1772 2272 in
1790 2232 1859 2273 Vs.
1875 2232 1971 2285 566,
2003 2245 2126 2285 quum
2143 2232 2339 2287 Neptuno

465 2302 586 2333 ovem
617 2290 888 2335 mactandam
920 2303 1012 2334 esse
1042 2289 1175 2344 dicat,
1207 2288 1366 2331 animal
1397 2287 1568 2342 aliquod
1598 2287 1728 2331 fuisse
1758 2292 1919 2332 tantum
1949 2302 2032 2332 non
2063 2302 2236 2333 necesse
2266 2293 2342 2341 est,

463 2353 505 2389 et
535 2349 713 2405 quidem·
742 2350 900 2392 animal
932 2348 1152 2391 masculini
1182 2347 1371 2401 generis,
1415 2359 1510 2387 nam
1543 2346 1627 2393 ὄϊς,
1657 2346 1778 2401 cujus
1807 2348 1850 2388 in
1880 2347 1951 2389 Vs.
1981 2347 2065 2389 566
2095 2348 2252 2389 mentio
2282 2347 2340 2401 fit,

463 2410 528 2448 est
562 2404 735 2460 ,α’ρνειὸς
777 2406 869 2462 (cfr.
899 2407 1065 2448 Homer.
1095 2404 1172 2448 Od.
1203 2404 1276 2454 Xl,
1309 2404 1404 2453 131,
1435 2403 1597 2452 XXIII,
1627 2405 1746 2455 278).
1804 2405 1917 2457 Ergo
1960 2406 2192 2447 mutatione
2233 2418 2340 2459 opus

459 2471 522 2505 est
551 2463 593 2505 in
616 2464 687 2505 Vs.
703 2464 800 2505 566.
858 2464 960 2506 Sine
990 2462 1118 2505 dubio
1143 2461 1432 2504 scribendum:
1463 2461 1632 2511 μύρου
1644 2475 1676 2508 ς,
1708 2461 1768 2502 ita
1799 2468 1845 2503 ut
1874 2461 2134 2515 significetur
2163 2476 2339 2504 murena

456 2533 561 2562 mas.
618 2521 855 2575 Hesychius
897 2521 1124 2564 secuudum
1170 2519 1223 2561 M.
1253 2516 1547 2560 Schmidtium:
1592 2516 1723 2569 μόρος
1750 2519 1861 2573 (sic),
1892 2518 2016 2569 ἰχθῦς
2044 2521 2189 2567 ποιός·
2218 2521 2290 2558 καὶ
2314 2517 2337 2572 ἢ

461 2577 652 2628 μύραινα
683 2576 911 2630 ἀρρενικῶς
940 2578 1050 2631 (cod.
1073 2576 1265 2632 porrigit:
1295 2576 1424 2625 μῦρος
1453 2575 1582 2627 ἄρρεν
1610 2574 1668 2625 (h.
1689 2588 1724 2616 e.
1745 2576 1909 2628 ἄρρην),
1937 2576 2142 2627 μύραινα)
2173 2581 2233 2617 et:
2262 2577 2338 2627 μύ-

458 2647 603 2686 ραινος
634 2633 657 2687 ἧ
687 2633 887 2686 μύραινα,
918 2633 1164 2685 ἀρσενικῶς·
1195 2631 1320 2672 ἄλλοι
1350 2631 1397 2670 δὲ
1425 2631 1558 2682 μύρον
1588 2631 1668 2683 (sic
1697 2631 1751 2673 M.
1780 2631 1999 2684 Schmidt.)
2029 2630 2158 2673 αὐτὸν
2188 2631 2339 2674 καλοῦ-

458 2702 546 2739 σιν,
589 2690 672 2732 ἔστι
702 2689 749 2732 δὲ
780 2694 851 2731 καὶ
881 2691 1015 2745 ἄρρην
1044 2691 1182 2747 (simul
1215 2688 1472 2731 audiendum
1502 2687 1669 2730 videtur
1699 2687 1720 2740 ἢ
1752 2688 1962 2741 μύραινα,
2007 2688 2086 2731 fuit
2124 2689 2233 2731 enim
2267 2689 2340 2743 qui

456 2759 652 2790 murenas
675 2748 867 2791 feminini
890 2754 1051 2791 tantum
1074 2761 1201 2791 sexus
1222 2759 1314 2788 esse
1341 2745 1538 2798 traderet,
1568 2745 1640 2787 cfr.
1666 2745 1772 2787 Plin.
1804 2747 1899 2788 Nat.
1930 2747 2024 2788 hist.
2039 2747 2223 2801 XXXII,
2255 2747 2340 2796 14).

458 2805 686 2847 Praeterea
716 2806 954 2860 Hesychius
993 2806 1140 2848 tradit:
1180 2807 1352 2854 σμῦρος·
1383 2800 1406 2842 ὁ
1436 2803 1569 2855 ἄρσην
1597 2803 1735 2853 ἰχθῦς,
1766 2807 1835 2843 καὶ
1865 2804 1888 2856 ἡ
1930 2803 2084 2856 θήλεια
2112 2803 2338 2855 σμύραινα.

456 2863 622 2914 Σμῢρος
659 2863 900 2918 appellatur
943 2864 996 2905 ab
1030 2863 1254 2905 Aristotele
1286 2859 1392 2902 Hist.
1421 2860 1546 2901 anim.
1578 2859 1627 2901 V.
1662 2860 1726 2914 10,
1756 2873 1796 2915 p.
1825 2860 1941 2915 543⁸,
1972 2861 2050 2915 24,
2095 2859 2169 2902 cfr.
2210 2859 2339 2902 etiam

456 2918 583 2960 Plinii
614 2919 711 2962 Nat.
742 2920 835 2963 hist.
865 2920 941 2974 IX,
972 2920 1040 2975 76,
1070 2920 1159 2974 ubi,
1199 2923 1419 2974 postquam
1463 2929 1613 2958 nomen
1654 2929 1872 2959 commune
1905 2917 2128 2974 „murena“
2161 2929 2338 2960 comme-

457 2981 662 3018 moratum
694 2982 768 3029 est,
810 2979 1022 3034 pergitur:
1070 2976 1342 3033 „Aristoteles
1373 2987 1558 3028 zmyrum
1588 2979 1713 3015 vocat
1742 2988 1897 3017 marem
1937 2976 2007 3029 qui
2038 2980 2231 3029 generetz,
2274 2973 2337 3015 di-

455 3033 632 3077 scrimen
665 3047 770 3090 esse,
800 3035 913 3090 quod
943 3048 1118 3078 murena
1149 3034 1271 3076 varia
1301 3037 1344 3074 et
1372 3031 1539 3073 infirma
1567 3031 1635 3085 sit,
1664 3045 1830 3084 zmyrus
1859 3032 2046 3075 unicolor
2072 3037 2115 3075 et
2144 3032 2339 3075 robustus
