2898 3805
1390 391 1444 433 16

460 504 652 549 Luciano
683 508 870 558 censent,
899 503 1112 547 scribente
1142 503 1187 546 in
1216 502 1362 559 Menip
1395 535 1406 546 .
1433 504 1483 546 2:
1508 505 1567 552 τίς
1586 502 1610 558 ἧ
1632 502 1807 546 ἐπίνοιά
1836 514 1913 545 σου
1941 506 2012 561 τῆς
2040 504 2243 547 καθόδου
2271 504 2364 559 376-

459 576 574 611 vno,
604 563 663 609 τίς
693 561 742 603 δὲ
771 560 794 602 ὁ
827 565 897 614 ιῆς
925 563 1100 613 πορείας
1129 559 1316 614 &remim
1388 574 1443 604 ua
1471 560 1526 604 de
1556 574 1603 604 re
1631 574 1714 616 ego
1745 561 2017 606 vehementer
2045 562 2206 606 dubito.
2264 563 2361 607 Meo

455 632 583 663 sensu
622 618 801 661 verbum
842 617 1014 658 ἐπίνοια
1049 617 1178 675 juxta
1217 617 1351 660 verba
1379 617 1476 658 ἰδέα
1504 616 1771 671 βουλήμαως
1809 618 1882 661 vix
1911 631 1965 662 ac
1994 632 2049 662 ne
2077 620 2152 662 vix
2188 619 2361 675 quidem

397 730 399 732 q
456 676 560 720 ferri
587 680 740 731 potest.
797 676 1028 719 Praeterea
1055 688 1085 718 a
1112 688 1181 718 me
1206 687 1291 718 non
1319 688 1490 731 possum
1510 676 1753 731 impetrare,
1783 680 1829 719 ut
1851 675 2038 733 credam,
2067 675 2240 719 δπίνοια
2260 681 2360 734 apte

454 732 643 777 construi
658 746 752 776 cum
769 733 841 787 τῆς
860 730 978 776 ὁδοῦ.
1038 731 1320 776 Scribendum
1335 732 1524 776 videtur:
1554 733 1577 787 ἡ
1603 733 1645 774 ’π
1657 733 1800 774 ίπνοι
1810 748 1854 783 α,
1883 733 2058 786 inflatus
2071 737 2111 778 et
2129 734 2359 780 instinctu-s*

453 791 638 834 divinus.
695 790 777 834 Hic
801 789 959 846 partim
986 790 1032 833 in
1062 802 1248 846 persona
1279 802 1508 846 expressus
1537 803 1631 834 esse
1659 790 1819 846 potnit,
1864 790 2020 847 partim
2056 791 2271 847 gestibus,
2311 797 2358 836 ut

448 847 689 905 jactatione
718 847 873 904 capitis
903 851 946 891 et
974 847 1293 902 bracchiorum,
1336 847 1616 891 manifestari.
1674 848 1796 892 Ultro
1827 853 2020 905 apparet,
2050 861 2178 904 quam
2207 853 2357 906 aptum

451 906 508 948 sit
533 905 710 948 verbum
738 905 943 945 ἐπίπνοια
973 904 1031 947 ad
1061 905 1314 947 cothurnum
1348 905 1394 946 in
1421 905 1625 960 proximis
1649 906 1792 948 verbis
1814 911 2200 960 commemoratum,
2228 906 2355 950 modo

455 961 564 1005 haec
592 966 707 1005 recte
737 960 1028 1006 emendentur.
1087 961 1290 1016 Indigent
1315 965 1459 1004 autem
1490 961 1800 1006 emendatione.
1858 962 1983 1015 Quod
2001 962 2114 1007 enim
2135 962 2246 1007 banc
2262 975 2357 1007 sen·

453 1020 635 1062 tentiam
666 1019 808 1062 inesse
838 1019 1004 1062 censuit
1033 1018 1399 1062 Hemsterbusius:
1433 1017 1515 1075 „ad
1545 1018 1660 1073 quod
1687 1019 1769 1062 iter
1797 1024 1840 1063 te
1868 1023 1955 1063 tam
1969 1021 2186 1076 ntaqnifice
2213 1020 2354 1064 accin-

455 1075 599 1130 xisti“,
628 1076 802 1130 probari
831 1076 989 1130 nequit.
1048 1077 1182 1118 Immo
1212 1076 1286 1117 vix
1319 1076 1491 1118 dubium
1519 1087 1613 1118 esse
1642 1081 1794 1131 potest,
1823 1077 1998 1120 verbum
2019 1077 2233 1130 κόθορνος
2290 1091 2355 1121 ro-

454 1132 550 1189 prio
569 1145 700 1176 sensu
721 1146 816 1176 esse
839 1131 1133 1188 accipiendum
1156 1135 1200 1176 et
1219 1130 1419 1175 mendum
1439 1131 1580 1174 inesse
1596 1131 1641 1175 in
1659 1132 1803 1176 verbis
1817 1134 1888 1187 τῆς
1907 1131 2025 1177 ὀδοῦ.
2076 1132 2252 1178 Scriben
2284 1147 2353 1178 um

452 1194 530 1244 est,
561 1190 727 1246 opinor,
756 1190 1108 1246 interpunctionis
1137 1191 1262 1243 signo
1294 1194 1392 1244 post
1420 1188 1633 1242 κόθορνος
1662 1190 1824 1246 posito.-
1854 1191 1934 1238 τίς
1962 1189 1986 1230 ὃ
2015 1191 2084 1243 βά
2094 1190 2147 1230 do
2159 1204 2180 1239 ς
2187 1207 2204 1243 ,-
2248 1191 2352 1234 Ver·

454 1247 557 1290 bum
585 1246 723 1299 βοίδος
751 1258 883 1303 supra
911 1246 956 1289 in
970 1284 972 1287 .
986 1247 1058 1289 Vs.
1082 1247 1139 1288 42
1168 1246 1379 1301 reperitur
1408 1250 1665 1300 usurpatum.
1722 1247 1867 1290 Meton
1897 1248 2146 1290 cothurnum
2175 1249 2354 1301 gerebat

454 1309 498 1346 et
527 1305 640 1347 elate
669 1303 908 1358 incedebat,
937 1308 983 1346 ut
1012 1305 1123 1345 alter
1151 1302 1396 1356 tragoedus.
1452 1302 1663 1346 Universo
1693 1318 1820 1346 versu
1836 1303 1923 1345 994
1951 1304 2124 1360 spiritus
2154 1309 2198 1346 et
2212 1311 2353 1348 osten-

452 1361 560 1405 tatio
603 1360 786 1405 hominis
827 1364 1022 1417 notatur,
1067 1374 1191 1416 quem
1228 1359 1495 1404 Pithetaerus
1532 1360 1590 1404 ad
1633 1363 1726 1410 τοὺς
1770 1358 1984 1411 ἀλαζόνας
2026 1361 2240 1418 pertinere
2278 1374 2351 1406 ex·

450 1418 609 1474 pressis
639 1419 782 1462 verbis
812 1417 917 1461 dicit
946 1419 989 1461 in
1020 1419 1092 1462 Vs.
1125 1418 1249 1461 1016.

1250 1474 1323 1517 Vs.
1355 1474 1461 1517 1057
1493 1486 1557 1529 sq.

1294 1531 1503 1572 ΧΟΡΟΣ.

962 1589 1080 1642 ''qu
1108 1603 1181 1640 μοι
1211 1592 1268 1644 τῷ
1298 1591 1521 1640 παντόπτᾳ

914 1648 986 1685 καὶ
1016 1644 1242 1697 παντάρχᾳ
1272 1647 1424 1698 θνηωὶ
1451 1646 1607 1692 πάντες

969 1702 1142 1744 θύσοισ*
1169 1701 1384 1750 εὐκταίαις
1410 1699 1567 1754 εὐχαῖς.

449 1759 605 1804 Mirum
635 1763 713 1816 est,
742 1772 838 1804 sero
867 1758 1035 1804 demum
1064 1759 1295 1804 offendisse
1325 1758 1517 1802 homines
1547 1758 1694 1802 doctos
1714 1758 1757 1800 in
1775 1757 1960 1800 dictione
1977 1756 2191 1807 εὐκταίαις
2208 1757 2351 1812 εὐχαῖς

449 1830 578 1872 quam
608 1830 690 1872 ego
716 1817 811 1873 jam
840 1817 1003 1873 pridem
1047 1821 1290 1873 corruptam
1337 1829 1431 1858 esse
1458 1817 1602 1858 statui.
1660 1816 1855 1872 Conjicio
1893 1820 2036 1857 autem
2077 1817 2349 1859 scribendum

448 1887 565 1918 esse:
595 1873 778 1922 ἶκταίαις
805 1874 864 1928 (b.
881 1888 918 1917 e.
935 1876 1182 1926 ἱκεσίαις).
1240 1873 1381 1916 Verbo
1401 1870 1559 1921 ἶκτατος
1588 1872 1820 1916 secundum
1850 1872 1981 1915 libros
2010 1878 2217 1928 mscrptos
2247 1886 2347 1916 usus

449 1936 516 1975 est
555 1931 798 1987 Aeschylus
838 1931 885 1974 in
924 1931 1071 1988 Suppl.
1099 1931 1172 1975 Vs.
1201 1931 1309 1984 385,
1350 1929 1423 1973 ubi
1465 1943 1571 1974 sane
1606 1929 1751 1974 mendi
1785 1933 2027 1985 suspectum
2056 1934 2134 1974 est.
2193 1931 2252 1973 At
2279 1931 2348 1974 vel

448 1988 511 2033 sic
540 1988 585 2032 in
616 1988 979 2046 comparationem
1008 1989 1154 2033 vocari
1172 1992 1311 2044 potest
1339 1987 1409 2030 bic
1436 1987 1567 2044 locus,
1597 1987 1768 2031 sirecte
1786 1986 1968 2043 conjecit
1986 1987 2244 2041 Dindorfius‚
2273 1988 2347 2043 agi

448 2050 615 2088 tantum
658 2059 838 2089 censens
879 2045 934 2088 de
977 2047 1100 2089 varia
1141 2046 1278 2088 forma
1306 2048 1441 2092 ἵκιιος.
1501 2045 1588 2088 Cfr.
1629 2045 1759 2087 etiam
1790 2044 1997 2117 Hesycha
2039 2048 2173 2099 ίκτης·
2201 2044 2349 2099 ἱκέτης.

450 2103 650 2147 Ceterum
682 2108 861 2159 quaerat
890 2104 1060 2159 aliquis,
1088 2108 1334 2204 praestextjne
1351 2102 1569 2203 1⁸5ri2bere:
1601 2100 1811 2151 ἶκταίας
1839 2100 1968 2155 ευχοῖ
1980 2117 2013 2150 ς.

1285 2173 1318 2203 s.
1408 2161 1432 2203 8
1491 2173 1512 2203 s
1545 2192 1554 2203 .

909 2220 984 2266 τοὶς
1014 2219 1256 2270 περιστεράς
1285 2219 1334 2257 θ’
1365 2173 1770 2269 ὄμοίωςᾳξυλλαβών
1798 2219 1940 2269 εἴρξας
1969 2216 2066 2268 ἔχει,

907 2273 1230 2324 κάπαναγκάζει
1260 2274 1458 2316 παλεύειν
1487 2274 1716 2327 δεδεμένας
1745 2274 1793 2315 ἐν
1823 2273 1991 2328 δικτύῳ.

560 2334 643 2377 Per
672 2339 738 2377 est
767 2333 932 2388 mirum,
963 2333 1155 2376 homines
1186 2333 1333 2376 doctos
1364 2333 1574 2387 patienter
1608 2332 1755 2375 tulisse
1785 2332 1961 2375 verbum
1991 2332 2160 2384 ὁμοίως.
2219 2330 2344 2383 Quid,

444 2401 618 2445 quaeso,
647 2390 715 2445 iis,
745 2403 857 2444 quae
885 2390 930 2433 in
961 2390 1032 2433 Vs.
1051 2390 1162 2432 1082
1192 2402 1255 2444 sq.
1284 2389 1507 2432 traduntur
1535 2389 1589 2432 de
1619 2389 1908 2432 columbarum
1937 2390 2205 2443 tractatione,
2234 2400 2345 2431 com·

442 2459 569 2489 mune
599 2452 664 2490 est
692 2460 787 2490 cum
818 2448 896 2502 eis,
925 2460 1036 2502 quae
1067 2452 1197 2489 antea
1226 2451 1453 2489 narrantur
1482 2446 1536 2489 de
1566 2446 1733 2501 avibus,
1762 2459 1871 2500 quae
1895 2446 2167 2502 appellantur
2188 2446 2342 2493 σπίνοι,

443 2504 581 2558 deque
611 2505 817 2547 merulis?
876 2506 971 2558 Ego
1000 2519 1076 2559 pro
1108 2504 1264 2556 ὁμοίως
1294 2504 1564 2547 scribendum
1585 2516 1679 2546 esse
1700 2504 1900 2558 conjicio:
1933 2501 2200 2556 ὅμαὺλων,
2230 2502 2342 2556 quod

442 2561 622 2604 verbum
650 2561 837 2617 pendere
867 2575 1021 2604 censeo
1060 2575 1114 2603 ex
1154 2562 1296 2615 εἴρξας
1326 2561 1405 2617 (sic
1434 2561 1532 2603 libri
1563 2560 1767 2616 mscrpti).
1825 2560 2009 2603 Verbum
2039 2558 2231 2612 ὅμαυλον
2259 2559 2342 2602 He-

441 2619 617 2674 sychius
648 2624 691 2661 et
719 2619 909 2677 Pbotius.
938 2619 1184 2674 significare
1228 2618 1402 2661 tradunt
1444 2618 1682 2671 ὁμόκοιτον.
1744 2617 1974 2661 Columbas
2013 2623 2158 2660 mutuo
2197 2630 2344 2659 amore

441 2676 696 2733 conspicuas
726 2690 821 2720 esse
850 2681 1028 2720 constat.

1249 2733 1321 2776 Vs,
1355 2733 1465 2777 1093
1493 2746 1555 2788 sq.

440 2790 594 2834 chorus
623 2790 856 2835 seeundum
886 2789 1018 2834 libros
1047 2802 1169 2832 mscr.
1200 2789 1305 2834 haec
1335 2790 1451 2834 canit
1478 2789 1632 2834 verba:

903 2846 1002 2887 ἀλλ’
1030 2844 1241 2902 ἅνθηροῖν
1271 2846 1489 2899 λειμώνων

900 2903 1078 2960 φύλλων
1108 2904 1286 2953 κόλποις
1315 2907 1485 2954 saaraim,

439 2963 525 3007 vel:

901 3017 1079 3074 φύλλων
1107 3018 1156 3060 ἐν
1184 3017 1362 3067 κόλποις
1392 3020 1513 3060 ναίω.

556 3078 654 3121 Jam
688 3077 850 3132 pridem
881 3076 1098 3129 intellexi,
1140 3076 1289 3118 vitium
1319 3076 1459 3119 inesse
1493 3077 1537 3118 in
1569 3089 1653 3118 uno
1683 3075 1774 3118 solo
1804 3076 1935 3119 verbo
1966 3075 2166 3130 φύλλων,
2211 3076 2340 3130 idque
