2898 3805
1441 425 1494 476 1.3

522 539 689 594 ἱέρακα,
719 536 852 587 οὕτως
879 536 929 579 δὲ
959 536 1215 592 ὠνομάσθη,
1245 536 1304 586 ὥς
1331 551 1451 587 τινες,
1490 538 1610 592 παραὶ
1641 540 1686 582 τὸ
1712 538 1759 589 ἐξ
1788 538 1911 588 atros·
1940 538 2238 595 πθηλακέναι.
2297 540 2416 584 Haec

522 596 655 640 verba
683 595 970 651 compluribus
998 595 1166 638 mendis
1209 594 1367 638 referta
1406 608 1500 639 esse
1528 601 1721 653 apparet.
1781 597 1872 638 Nec
1900 601 2043 639 tamen
2071 599 2289 642 consentio
2318 610 2416 642 cum

520 652 730 710 Bentlejo,
758 652 932 696 verbum
961 650 1142 694 ἑδωλίου
1171 665 1225 696 ex
1253 651 1435 706 ἐρωδιοῦ
1464 657 1705 710 corruptum
1725 665 1821 697 esse
1842 656 1948 697 rato.
2004 653 2272 699 Probabilius
2293 654 2417 710 duco,

522 713 594 753 καὶ
611 709 776 765 §duum
803 709 988 753 inlibris
1008 709 1344 766 Aristophaueis,
1373 711 1446 766 qui
1462 712 1621 755 servati
1641 715 1754 767 sunt,
1782 710 2049 755 intercidisse
2071 716 2171 756 ante
2195 715 2292 769 „sai
2311 712 2416 767 30--

522 767 644 825 deff.
701 768 784 811 Pro
812 766 837 809 ὁ
868 766 930 816 δὲ,
960 766 1072 822 quod
1102 773 1168 810 est
1193 771 1294 811 ante
1323 767 1589 823 αἰγιθάλλῳ,
1620 768 1860 813 Meiuekius
1887 769 2014 812 scribi
2037 768 2186 825 jussit:
2228 770 2320 812 οὔτε
2350 768 2414 820 δὲ,

521 838 648 881 quam
678 824 934 867 sententiam
963 824 1160 880 probavit
1189 824 1448 867 Diudorfius.
1505 827 1646 868 Etiam
1675 839 1730 868 ea
1748 825 1894 880 verba,
1924 838 2034 880 quae
2055 827 2229 868 verbum
2247 826 2415 880 ὃρισοὶλ-

523 883 624 933 πιγξ
643 882 873 937 excipiunt,
903 880 1108 924 mendosa
1128 885 1238 924 suut.
1296 881 1423 935 Apud
1452 881 1724 937 Hesychium,
1753 883 1826 936 qui
1847 884 2002 926 rectius
2026 883 2217 938 scripsit:
2246 881 2415 936 ἤρισαλ·

522 940 634 990 πιγξ,
665 937 719 981 de
738 938 820 981 bac
848 938 922 980 avi
942 937 1049 980 nibil
1069 936 1251 981 traditur
1269 937 1373 981 nisi:
1402 936 1553 992 ὀρνέου
1571 954 1608 980 τι
1624 938 1751 987 εἶδος.
1810 939 1919 982 Num
1939 939 2071 995 igitur
2090 939 2311 996 probabile
2336 945 2415 995 est,

522 1008 617 1040 eam
647 995 705 1038 ad
733 995 983 1051 accipitrum
1011 1007 1173 1050 genera
1195 996 1440 1051 pertinere?
1497 997 1741 1040 Meminisse
1759 996 1907 1053 jubeo,
1938 997 2018 1041 hoc
2037 997 2176 1054 ipsum
2196 996 2343 1041 referri
2360 997 2415 1041 de

523 1053 711 1107 aegitho.
769 1052 939 1094 Certum
983 1058 1049 1094 est
1076 1059 1241 1106 autem,
1283 1054 1413 1094 verba
1442 1065 1551 1107 quae
1580 1057 1814 1108 sequuntur
1843 1059 2037 1108 spectare
2064 1053 2124 1097 ad
2152 1067 2246 1097 eam
2274 1067 2414 1109 avem,

522 1123 650 1164 quam
683 1108 992 1163 Aristophanes
1022 1114 1148 1151 vocat
1176 1108 1450 1156 αἰγίθαλλον.
1507 1111 1674 1166 Quippe
1704 1110 1896 1153 confudit
1923 1111 2175 1154 scholiastes
2193 1112 2302 1153 banc
2317 1124 2413 1153 cum

520 1179 595 1222 ea,
635 1178 746 1221 quae
787 1165 918 1221 vulgo
963 1165 1128 1209 Graece
1169 1165 1409 1221 appellatur
1453 1166 1708 1221 αἰγιθήλας,
1755 1181 1785 1211 a
1814 1167 1953 1211 Plinio
1983 1167 2081 1212 Nat.
2113 1167 2208 1212 hist.
2238 1168 2292 1223 X,
2325 1169 2408 1211 115

522 1223 829 1278 caprimulyus,
858 1227 904 1265 ut
933 1223 977 1264 in
1007 1223 1295 1279 superioribus
1325 1223 1488 1278 verbis,
1526 1226 1608 1268 nisi
1637 1224 1786 1280 fallor,
1816 1238 1910 1268 cum
1939 1225 2127 1280 aegitho.
2184 1225 2410 1268 Probabile

524 1286 591 1326 est
618 1281 729 1324 inter
757 1279 1009 1334 ἑρισοὶλπιγξ
1038 1286 1081 1324 et
1109 1281 1193 1322 ἔστι
1222 1280 1270 1323 δὲ
1301 1281 1505 1380 11ιί9111ιὲ11
1533 1283 1666 1326 verba
1696 1282 1918 1326 excidisse.

958 1347 963 1351 ·
1372 1351 1407 1380 s.
1468 1339 1522 1381 93
1551 1352 1572 1382 s
1604 1373 1613 1382 .

983 1392 1143 1433 ἄπελθ’
1174 1392 1252 1448 ἀφ’
1280 1393 1401 1448 ἡμῶν
1430 1398 1500 1435 καὶ
1528 1353 1677 1438 σύᾳκαὶ
1706 1397 1755 1437 τὰ
1788 1397 2023 1449 στέμματα·

979 1450 1062 1501 ἐγώ
1091 1452 1173 1503 γὰρ
1203 1449 1329 1499 αὐτὸς
1355 1454 1514 1502 τουτογὶ
1542 1454 1666 1495 θύσω
1695 1453 1842 1506 μόνος.

1352 1511 1575 1552 ΙΕΡΕΥΣ.

983 1563 1055 1604 εἴτ’
1081 1562 1213 1612 αὖθις
1240 1564 1298 1609 αὖ
1324 1567 1433 1618 τᾶρα
1462 1578 1526 1608 σοι

981 1619 1050 1660 δεῖ
1074 1614 1127 1672 ’με
1157 1620 1347 1674 δεύτερον
1373 1622 1500 1674 μέλος

978 1679 1137 1730 χέρνιβι
1167 1681 1365 1731 θεοσεβὲς

981 1733 1101 1775 ὅσιον
1127 1734 1323 1788 ἐπιβοᾶν,
1352 1735 1499 1778 nal-av
1526 1736 1573 1778 δὲ

979 1792 1192 1844 μάκαρας,
1221 1795 1298 1834 ἕνα
1324 1797 1417 1834 τινὰ
1446 1794 1592 1847 μόνον,
1622 1793 1738 1847 εἴπερ

981 1845 1133 1889 ἱκανόν
1161 1851 1259 1898 ἕξετ’
1289 1850 1419 1905 ὄψον.

979 1905 1030 1946 τὰ
1059 1907 1141 1960 γὰρ
1171 1907 1364 1961 παρόντα
1393 1907 1551 1960 θύματ’
1579 1906 1706 1949 οὐδὲν
1735 1905 1844 1947 ἄλλο
1877 1904 1989 1960 πλὴν

977 1962 1141 2014 γένειόν
1168 1963 1253 2006 ἐστι
1281 1967 1353 2006 καὶ
1381 1965 1549 2018 κέρατα.

1265 2026 1373 2064 ΠΕΙ
1373 2023 1454 2064 ΘΕ
1458 2023 1684 2063 ΤΛΙΡΟΣ.

981 2078 1158 2127 θύοντες
1184 2078 1440 2133 εὐξώμεσθα
1471 2087 1554 2128 τοῖς
1583 2081 1788 2132 πτερίνοις
1817 2081 1953 2127 θεοῖς.

635 2135 730 2177 Duo
761 2134 885 2191 primi
915 2149 1062 2179 versus
1091 2142 1190 2179 sunt
1218 2138 1454 2180 Pithetaeri
1484 2137 1745 2181 sacerdotem
1774 2136 2012 2192 abigentis3
2042 2135 2194 2189 reliqui
2225 2135 2415 2177 inlibris

522 2193 716 2249 mscrptis
746 2192 1015 2236 ascribuntur
1045 2193 1285 2251 Sacerdoti,
1329 2196 1372 2239 id
1403 2195 1513 2252 quod
1545 2195 1643 2238 ferri
1672 2195 1837 2250 nequit,
1877 2194 1978 2249 quia
2011 2191 2103 2248 hic,
2143 2196 2189 2236 ut
2218 2192 2416 2247 vidimus,

516 2251 610 2306 jam
640 2255 740 2292 ante
772 2251 850 2292 boc
879 2263 1050 2292 carmen
1075 2257 1291 2294 cantatum
1319 2254 1437 2296 abiit.
1494 2255 1586 2307 Ego
1617 2252 1713 2294 duci
1745 2253 1921 2294 alterius
1952 2251 2203 2293 bemichorii
2231 2264 2415 2306 pompae

523 2306 797 2351 ascribendos
827 2320 900 2350 eos
930 2320 1024 2350 esse
1054 2310 1262 2352 existimo.
1565 2358 1569 2361 ,

635 2364 692 2407 Hi
722 2377 868 2407 versus
899 2364 1140 2409 etiamnunc
1169 2370 1335 2410 scatent
1364 2366 1492 2410 vitiis.

635 2423 698 2464 Ac
727 2422 907 2478 primum
937 2422 1107 2477 quidem
1137 2437 1249 2466 nunc
1279 2436 1457 2480 quoque,
1486 2428 1532 2466 ut
1552 2423 1643 2479 jam
1663 2423 1776 2478 olim,
1806 2435 1882 2479 pro
1901 2421 1973 2462 εἴτ’
1992 2420 2220 2476 legendum
2240 2433 2412 2464 censeo:

521 2479 607 2526 ἔτ),
651 2479 763 2532 quod
805 2480 933 2521 etiam
973 2480 1203 2534 Blaydesio
1232 2482 1403 2537 placuit.
1462 2480 1627 2523 Deinde
1655 2481 1797 2522 nescio
1829 2493 1886 2521 an
1924 2478 2193 2521 scribendum
2222 2479 2277 2521 sit
2305 2479 2414 2529 τᾶρα

523 2537 622 2576 σοὶ.
682 2535 862 2578 Videtur
899 2537 1011 2579 enim
1040 2544 1205 2593 aptum,
1250 2538 1535 2582 Pithetaerum
1577 2538 1735 2593 opponi
1775 2536 2009 2580 Sacerdoti.
2069 2536 2297 2579 Praeterea
2335 2548 2412 2590 pro

525 2591 718 2646 δεύτερον
746 2593 932 2637 scribere
962 2596 1240 2650 praestiterit:
1284 2595 1528 2652 δευτέρῳ,
1570 2600 1616 2638 ut
1645 2595 1887 2638 accuratius
1917 2593 2179 2649 significetur
2208 2592 2304 2636 cani
2335 2592 2412 2635 hoc

522 2663 692 2692 carmen
730 2651 974 2693 Pithetaero
1018 2657 1065 2693 ut
1102 2655 1300 2704 secundo,
1353 2667 1452 2694 nam
1491 2657 1536 2694 ut
1564 2654 1790 2694 secundum
1835 2653 2076 2694 Pithetaero
2121 2651 2199 2693 hoc
2243 2663 2412 2692 carmen

522 2706 854 2762 haudquaquam
883 2708 1063 2751 canitur.

643 2764 855 2808 Graviora
886 2764 991 2809 haec
1020 2770 1128 2809 sunt.

637 2821 819 2865 Offendo
850 2822 894 2863 in
923 2824 1132 2878 particula
1163 2822 1233 2877 δὲ,
1272 2835 1382 2876 quae
1413 2827 1477 2866 est
1505 2823 1549 2864 in
1579 2823 1651 2865 Vs.
1683 2823 1789 2877 898,
1821 2834 1957 2876 aeque
1987 2825 2115 2875 atque
2145 2819 2412 2875 Blaydesius.

521 2877 753 2921 Praeterea
781 2878 826 2921 id
856 2879 967 2933 quod
999 2880 1152 2923 dieitur
1181 2878 1327 2920 καλεῖν
1346 2893 1432 2922 non
1456 2884 1519 2923 est
1538 2893 1682 2922 eorum
1703 2879 1775 2934 qui
1795 2883 1965 2932 canunt,
1996 2877 2071 2920 sed
2087 2877 2320 2920 Pithetaeri
2343 2890 2411 2919 sa·

520 2935 706 2979 cerdotis
726 2936 865 2978 locum
879 2937 1120 2981 obtinentis.
1177 2938 1327 2991 Itaque
1347 2937 1548 2993 conjiciat
1561 2938 1731 2992 aliquis,
1751 2937 1986 2980 adhibitum
2007 2948 2099 2979 esse
2114 2935 2412 2991 imperativum

525 2991 682 3034 κάλει.
738 2993 875 3037 Video
906 2993 1182 3050 Blaydesium
1211 2999 1463 3050 temptasse:
1491 2993 1647 3043 καλεῖς.
1704 2996 1762 3038 At
1782 2994 1862 3038 hoc
1882 2995 1954 3036 vix
1977 2993 2076 3036 ferri
2100 2997 2251 3048 potest,
2281 2992 2411 3035 etiam

522 3049 560 3092 si
590 3049 777 3093 futurum
807 3064 901 3093 esse
931 3050 1141 3096 statueris.

638 3108 690 3150 In
722 3108 791 3152 Vs.
822 3109 906 3152 899
935 3123 996 3164 sq.
1026 3110 1194 3166 plurimi
1225 3109 1416 3152 homines
1448 3110 1561 3154 docti
1591 3111 1752 3153 intacta
1780 3109 2038 3163 reliquerunt
2052 3108 2184 3150 verba
2197 3107 2412 3160 μάκαρας,
