2898 3805
1373 390 1402 433 5

451 518 621 556 versum
666 502 1044 560 Aristophaneum;
1087 509 1132 545 at
1160 504 1387 558 quaeritur,
1426 504 1667 547 extiteritne
1703 504 1823 546 aliud
1862 504 2036 548 verbum
2063 504 2121 547 ad
2150 503 2331 547 eandem

452 562 626 619 stirpem
654 562 867 618 pertinens
895 559 1015 604 verbi
1041 561 1093 614 γῆ
1123 565 1300 605 externa
1336 561 1474 604 forma
1515 561 1790 617 simillimum,
1832 561 1958 618 quale
1996 566 2061 606 est
2087 560 2178 616 γλῆ.
2237 562 2331 607 Hoc

453 620 603 676 negari
633 633 716 662 non
744 631 882 676 posse,
909 617 1148 686 apparebit,
1176 619 1212 662 si
1242 620 1336 674 quis
1365 619 1613 674 meminerit,
1635 619 1763 675 juxta
1792 617 1891 673 ροἰα
1920 620 1965 662 in
1983 632 2063 662 usu
2088 618 2218 663 fnisse
2237 617 2330 676 ροἠ.

454 678 604 731 Itaque
633 689 686 719 ex
715 676 852 720 forma
878 675 1006 729 νλοη,
1047 688 1177 729 quam
1213 689 1371 731 ponere
1415 676 1513 718 licet
1558 682 1731 731 propter
1757 675 1905 726 γλοία,
1942 677 2042 719 oriri
2071 678 2208 732 potnit
2234 677 2327 730 γλῆ,

454 739 501 778 ut
529 733 657 787 διπλῆ
687 747 741 776 ex
770 731 939 786 διπλόη.
997 732 1144 774 Restat
1171 735 1300 775 etiam
1330 734 1465 776 altera
1495 733 1738 788 explicandi
1758 734 1880 777 ratio.
1936 734 2115 788 Quippe,
2144 739 2191 776 nt
2205 733 2332 789 juxta

455 790 552 847 ροία
581 791 742 834 exstitit
770 790 877 845 ῥέος,
906 791 969 832 ita
991 788 1118 845 juxta
1145 789 1268 839 γλοία
1295 794 1337 834 et
1364 789 1463 840 γλία
1491 803 1586 834 esse
1615 790 1749 846 potuit
1763 791 1932 840 ΓΛΕΑ,
1962 789 2074 834 unde
2086 790 2178 834 fieri
2194 791 2331 846 potuit

454 854 501 891 nt
529 848 716 905 prodiret
744 847 836 903 γλῆ,
864 851 910 890 ut
939 859 992 889 ex
1023 847 1138 887 ΓΕΑ
1163 850 1228 901 γῆ.

1255 904 1325 947 Vs.
1353 904 1439 946 442
1468 916 1530 958 sq,

910 961 1000 1014 μήτ’
1028 960 1213 1015 ὀρχίπεδ’
1240 961 1387 1008 ἕλκειν,
1417 961 1510 1012 μήτ’
1542 960 1724 1014 ὀρύττειν

1295 1020 1503 1062 ΧΟΡΟΣ.

1469 1077 1522 1117 οὔ
1550 1079 1587 1118 τί
1615 1091 1698 1118 που

911 1140 984 1176 τὸν
1014 1163 1025 1175 .
1055 1152 1092 1187 .,·
1120 1132 1331 1187 οὐδαμοῖς.

1182 1193 1602 1235 ΠΕῙΘΕΤΑῙΡΟΣ.

1264 1251 1354 1299 οὔκ,
1384 1247 1497 1289 ἄλλα
1528 1247 1781 1302 τώφθαλμώ
1810 1248 1928 1298 λέγω.

570 1307 735 1350 Nollem
764 1306 944 1350 editores
973 1307 1017 1349 in
1046 1311 1190 1363 partes
1204 1307 1501 1350 Valckenaerii
1530 1307 1730 1361 abissent,
1759 1307 1803 1348 in
1824 1307 1894 1349 Vs.
1912 1307 1998 1349 444
2012 1322 2089 1364 pro
2111 1308 2184 1349 τὸν
2203 1310 2329 1352 scribi

451 1365 640 1421 jubentis
669 1363 795 1407 τόνδ’.
853 1365 971 1406 Anus
999 1363 1335 1420 intellegebatur,
1359 1364 1488 1406 etiam
1517 1363 1555 1406 si
1584 1363 1719 1418 digito
1749 1377 1833 1406 non
1863 1367 2183 1409 monstrabatur.
2241 1366 2328 1409 Csr.

457 1422 564 1466 Nub.
594 1422 665 1465 Vs.
695 1422 778 1465 713
808 1433 828 1465 s
860 1437 887 1464 .:

831 1434 858 1476 q
914 1480 985 1517 καὶ
1012 1479 1105 1525 τοὺς
1133 1477 1267 1530 ὄρχεις
1296 1476 1533 1526 ἐξέλκουσιν

911 1537 981 1573 καὶ
1009 1535 1082 1573 τὸν
1108 1536 1299 1586 πρωκτὸν
1328 1533 1622 1588 διορύττουσιν,

457 1592 586 1636 etiam
614 1592 712 1635 Pac.
740 1592 813 1635 Vs.
845 1592 950 1635 898:

912 1645 1106 1702 ὄρύπειν,
1137 1646 1220 1698 πὺξ
1249 1646 1355 1701 ὁμοῦ
1383 1651 1455 1688 καὶ
1483 1650 1540 1704 τῷ
1570 1649 1675 1689 πέει.

459 1708 526 1751 De
554 1707 643 1750 alia
671 1706 858 1762 corporis
886 1710 1006 1762 parte
1035 1705 1205 1749 omnino
1235 1719 1317 1750 non
1338 1710 1505 1762 poterat
1518 1705 1720 1761 cogitari3
1749 1705 2014 1762 aposiopesis
2029 1710 2182 1763 antem,
2202 1720 2328 1762 quam

460 1769 639 1819 vocant,
678 1763 899 1820 aptissima
928 1768 1014 1818 est,
1055 1764 1210 1820 quippe
1239 1777 1323 1819 qna
1350 1765 1659 1807 aversationem
1697 1764 1868 1819 egregie
1897 1763 2138 1808 manifestet
2166 1765 2330 1809 chorus.

459 1822 596 1867 Video
626 1822 692 1867 his
721 1822 890 1877 scriptis
918 1822 1045 1864 etiam
1074 1821 1368 1877 Blaydesium,
1413 1823 1484 1876 qni
1513 1827 1556 1864 et
1584 1823 1676 1877 ipse
1704 1822 2002 1864 Valckenaerii
2044 1823 2329 1879 conjecturam

458 1880 683 1924 verborum
710 1879 755 1922 in
784 1879 1105 1935 perpetuitatem
1133 1880 1304 1935 recepit,
1332 1880 1378 1921 in
1407 1880 1681 1922 annotatione
1709 1879 1766 1922 ad
1795 1880 1905 1922 hune
1934 1880 2068 1922 locum
2096 1881 2330 1936 adiecisse:

465 1942 601 1995 „recte
629 1937 774 1980 forsan
805 1937 933 1979 habet
961 1936 1177 1990 vulgata“.

1255 1993 1327 2036 Vs.
1356 1993 1443 2036 550
1470 2006 1532 2047 sq.

1191 2053 1296 2091 ΠΕΙ
1296 2052 1376 2090 ΘΕ
1380 2051 1596 2093 ΤΑΙΡΟΣ
1597 2082 1607 2091 .

915 2109 986 2146 καὶ
1015 2105 1065 2159 δὴ
1093 2108 1231 2147 τοίνυν
1259 2110 1406 2159 πρῶτα
1436 2106 1625 2147 διδάσκω
1651 2109 1757 2159 μίαν
1785 2105 1976 2160 ὀρνίθων
2004 2107 2131 2148 πόλιν
2158 2109 2293 2148 εἶναι·

915 2163 1091 2203 κᾶπειτα
1119 2165 1190 2203 τὸν
1220 2163 1328 2216 ἀέρα
1358 2163 1498 2204 πάντα
1529 2163 1668 2219 κύκλῳ
1699 2167 1769 2204 καὶ
1797 2169 1888 2204 πᾶν
1915 2166 2025 2205 τουτὶ
2052 2166 2096 2206 ω’
2124 2166 2280 2217 μεταξὺ

914 2220 1189 2274 περιτειχίζειν
1216 2220 1423 2275 μεγάλαις
1460 2220 1658 2269 πλίνθοις
1697 2219 1867 2270 ὄπιατς,
1911 2220 2046 2274 ὥςπερ
2075 2222 2335 2274 Βαβυλῶνα.

462 2279 600 2323 Hodie
629 2292 792 2333 quoque
821 2278 951 2320 verba
980 2281 1087 2318 τουτὶ
1115 2279 1159 2317 τὸ
1189 2280 1344 2331 μεταξὺ
1371 2279 1587 2335 explicant
1614 2279 1676 2322 ita
1707 2284 1750 2322 ut
1789 2279 1966 2335 scriptor
2001 2279 2173 2336 scholii,
2221 2279 2333 2335 quod

463 2338 667 2393 reperitur
694 2337 738 2377 in
768 2336 872 2378 libro
902 2337 1024 2377 Rav.:
1054 2336 1098 2376 τὰ
1128 2338 1283 2386 μεταξὺ
1309 2336 1418 2384 λέγει
1446 2341 1519 2390 γῆς
1547 2339 1617 2375 καὶ
1647 2336 1839 2389 οὐρανοῦ.
1897 2336 2155 2392 Comparant
2182 2338 2331 2392 locum,

461 2395 532 2449 qui
561 2397 626 2438 est
653 2407 781 2449 supra
809 2392 852 2435 in
882 2392 952 2435 Vs.
973 2392 1067 2446 188,
1094 2406 1148 2435 ex
1176 2397 1321 2436 nostra
1350 2393 1561 2436 sententia
1590 2400 1839 2449 corruptum.
1893 2394 2014 2436 Alius
2034 2395 2328 2449 Aristophanis

460 2452 589 2507 loona,
618 2451 656 2494 is
686 2451 759 2506 qui
788 2454 926 2493 exstat
955 2450 998 2491 in
1027 2449 1288 2493 Acharneus.
1317 2462 1379 2494 vs.
1407 2451 1493 2494 433
1522 2462 1608 2505 sq.:

914 2513 1043 2547 κεῖται
1071 2506 1284 2547 δ’ἄνωθεν
1312 2511 1395 2548 τῶν
1428 2509 1659 2548 Θυεστείων
1683 2506 1827 2563 ῥακῶν

915 2564 1070 2615 μεταξὺ
1099 2569 1181 2604 τῶν
1206 2564 1344 2612 Ἰνοῦς,

462 2623 553 2666 sine
583 2621 712 2664 dubio
741 2621 814 2664 ille
843 2621 1062 2675 genuinus,
1090 2621 1277 2664 neutrius
1305 2621 1455 2663 horum
1484 2620 1667 2664 locorum
1696 2621 1757 2663 ita
1786 2625 1850 2664 est
1878 2620 2050 2676 similis,
2089 2626 2135 2663 nt
2161 2621 2206 2663 in
2235 2634 2329 2663 cen·

461 2693 554 2723 sum
595 2678 739 2722 vocari
781 2677 925 2733 possit.
983 2679 1038 2721 Et
1080 2677 1181 2732 quid
1224 2678 1481 2720 lucrabimur
1520 2677 1708 2721 admissa
1746 2677 1926 2733 perdura
1965 2678 2040 2721 illa
2068 2683 2111 2720 et
2138 2678 2330 2721 inaudita

462 2737 633 2792 ellipsi?
691 2735 738 2779 Si
768 2736 899 2777 verba
928 2735 972 2777 in
1002 2735 1122 2779 libris
1143 2749 1262 2779 mser.
1291 2735 1449 2778 tradita
1478 2740 1618 2778 essent
1643 2736 1842 2790 genuina,
1870 2734 2199 2791 intellegendum
2219 2740 2330 2778 esset

460 2792 616 2847 μεταξὺ
643 2792 786 2841 αὐτοῦ,
816 2793 856 2835 h.
886 2806 921 2835 e.
948 2797 1019 2834 τοῦ
1050 2791 1187 2845 α’έρος.
1245 2795 1300 2835 At
1328 2793 1431 2847 quid
1472 2798 1582 2835 esset
1617 2793 1744 2848 illud,
1773 2793 1885 2847 quod
1922 2794 2033 2836 inter
2068 2805 2170 2835 aera
2207 2794 2333 2836 situm

462 2852 702 2895 diceretur?
764 2854 828 2892 An
857 2851 1053 2894 montes?
1110 2850 1216 2893 Tale
1245 2851 1348 2905 quid
1387 2864 1712 2894 commemorare
1742 2851 1810 2894 vel
1839 2856 2062 2906 propterea
2090 2851 2216 2906 plane
2243 2851 2330 2893 ine·

462 2914 578 2966 ptum
619 2908 785 2963 fuisset,
817 2907 929 2963 quod
968 2921 1043 2964 per
1071 2921 1117 2951 se
1146 2908 1430 2963 intellegitur,
1474 2908 1597 2950 simul
1638 2921 1732 2951 cnm
1771 2920 1869 2951 aere
1899 2909 2027 2951 etiam
2056 2908 2113 2962 id,
2143 2907 2255 2962 quod
2286 2908 2331 2950 in

461 2979 561 3009 aere
589 2972 664 3021 est,
693 2979 811 3007 muro
841 2966 967 3019 cingi.
1024 2966 1125 3006 Mihi
1156 2966 1327 3007 dubium
1356 2979 1442 3007 non
1470 2970 1546 3019 est,
1575 2966 1675 3020 quin
1705 2965 1822 3008 locus
1850 2965 1904 3007 sit
1932 2969 2161 3021 corruptus.
2227 2965 2330 3007 Pro·

460 3038 572 3079 pono
602 3028 742 3066 antem
771 3021 1056 3065 scribendum:
1085 3026 1193 3063 ωυιὶ
1221 3023 1265 3063 τὸ
1296 3024 1404 3074 μέγ’
1434 3022 1569 3062 ἄστυ.
1633 3026 1756 3063 Τουτὶ
1781 3036 1907 3077 quum
1939 3022 2041 3064 dicit
2067 3023 2333 3065 Pithetaerus

462 3080 597 3137 digito
627 3093 711 3125 non
741 3084 957 3135 monstrat,
986 3080 1062 3124 sed
1093 3079 1232 3124 audiri
1259 3080 1349 3124 vult
1378 3081 1523 3124 urbem
1553 3078 1719 3135 (πόλιν)
1747 3080 1792 3123 in
1821 3094 1944 3124 versu
1973 3080 2060 3124 550
2089 3093 2334 3124 commemo-
