<?xml version="1.0" encoding="UTF-8"?>
<!DOCTYPE html PUBLIC "-//W3C//DTD XHTML 1.0 Transitional//EN"
    "http://www.w3.org/TR/xhtml1/DTD/xhtml1-transitional.dtd">
<html xmlns="http://www.w3.org/1999/xhtml" xml:lang="en" lang="en">
 <head>
  <title>
</title>
<meta http-equiv="Content-Type" content="text/html;charset=utf-8" />
  <meta name='ocr-system' content='tesseract 3.04.00' />
  <meta name='ocr-capabilities' content='ocr_page ocr_carea ocr_par ocr_line ocrx_word'/>
</head>
<body>
  <div class='ocr_page' id='page_1' title='image "4763733_0021.png"; bbox 0 0 2898 3805; ppageno 0'>
   <div class='ocr_carea' id='block_1_1' title="bbox 1446 451 1510 494">
    <p class='ocr_par' dir='ltr' id='par_1_1' title="bbox 1446 451 1510 494">
     <span class='ocr_line' id='line_1_1' title="bbox 1446 451 1510 494; baseline 0 0"><span class='ocrx_word' id='word_1_1' title='bbox 1446 451 1510 494; x_wconf 50' lang='lat'><strong>⁴15</strong></span> 
     </span>
    </p>
   </div>
   <div class='ocr_carea' id='block_1_2' title="bbox 518 565 2476 3186">
    <p class='ocr_par' dir='ltr' id='par_1_2' title="bbox 1243 565 1705 606">
     <span class='ocr_line' id='line_1_2' title="bbox 1243 565 1705 606; baseline 0.006 -3"><span class='ocrx_word' id='word_1_2' title='bbox 1243 565 1705 606; x_wconf 81' lang='grc' dir='ltr'><em>ΧΡΗΣΜΟΛΟΓΟΣ.</em></span> 
     </span>
    </p>

    <p class='ocr_par' dir='ltr' id='par_1_3' title="bbox 521 620 2421 1402">
     <span class='ocr_line' id='line_1_3' title="bbox 981 620 1549 677; baseline 0.002 -17"><span class='ocrx_word' id='word_1_3' title='bbox 981 623 1039 675; x_wconf 72' lang='grc' dir='ltr'><strong>μὴ</strong></span> <span class='ocrx_word' id='word_1_4' title='bbox 1067 620 1252 677; x_wconf 68' lang='grc' dir='ltr'><strong><em>κατάρξῃ</em></strong></span> <span class='ocrx_word' id='word_1_5' title='bbox 1282 623 1356 663; x_wconf 81' lang='grc' dir='ltr'><strong><em>τοῦ</em></strong></span> <span class='ocrx_word' id='word_1_6' title='bbox 1381 620 1549 673; x_wconf 71' lang='grc' dir='ltr'><strong><em>τράγου.</em></strong></span> 
     </span>
     <span class='ocr_line' id='line_1_4' title="bbox 523 677 2419 737; baseline -0.001 -15"><span class='ocrx_word' id='word_1_7' title='bbox 523 680 622 724; x_wconf 87' lang='lat' dir='ltr'><strong>Jam</strong></span> <span class='ocrx_word' id='word_1_8' title='bbox 652 678 892 722; x_wconf 83' lang='lat' dir='ltr'><strong>Meinekius</strong></span> <span class='ocrx_word' id='word_1_9' title='bbox 921 678 948 720; x_wconf 89' lang='lat'><strong>1.</strong></span> <span class='ocrx_word' id='word_1_10' title='bbox 977 691 1011 722; x_wconf 92' lang='lat' dir='ltr'><strong>c.</strong></span> <span class='ocrx_word' id='word_1_11' title='bbox 1040 690 1080 732; x_wconf 93' lang='lat' dir='ltr'><strong>p.</strong></span> <span class='ocrx_word' id='word_1_12' title='bbox 1100 677 1183 719; x_wconf 81' lang='lat'><strong>105</strong></span> <span class='ocrx_word' id='word_1_13' title='bbox 1212 677 1662 720; x_wconf 70' lang='lat' dir='ltr'><strong>annotavit:·solemni</strong></span> <span class='ocrx_word' id='word_1_14' title='bbox 1693 677 1876 721; x_wconf 83' lang='lat' dir='ltr'><strong>formula</strong></span> <span class='ocrx_word' id='word_1_15' title='bbox 1904 677 2093 733; x_wconf 73' lang='grc' dir='ltr'><strong><em>εὐφημία</em></strong></span> <span class='ocrx_word' id='word_1_16' title='bbox 2125 680 2217 721; x_wconf 77' lang='grc' dir='ltr'><strong>’στω</strong></span> <span class='ocrx_word' id='word_1_17' title='bbox 2247 682 2419 737; x_wconf 70' lang='lat' dir='ltr'><strong>(immoz</strong></span> 
     </span>
     <span class='ocr_line' id='line_1_5' title="bbox 523 733 2418 791; baseline 0.003 -14"><span class='ocrx_word' id='word_1_18' title='bbox 523 733 713 788; x_wconf 72' lang='grc' dir='ltr'><strong><em>εὐφημία</em></strong></span> <span class='ocrx_word' id='word_1_19' title='bbox 733 735 854 790; x_wconf 80' lang='grc' dir='ltr'>ἔστω)</span> <span class='ocrx_word' id='word_1_20' title='bbox 881 735 948 779; x_wconf 83' lang='lat' dir='ltr'><strong>vel</strong></span> <span class='ocrx_word' id='word_1_21' title='bbox 972 733 1196 788; x_wconf 67' lang='grc' dir='ltr'><strong><em>εὐφημεῖτε</em></strong></span> <span class='ocrx_word' id='word_1_22' title='bbox 1223 733 1286 777; x_wconf 90' lang='lat' dir='ltr'><strong>ita</strong></span> <span class='ocrx_word' id='word_1_23' title='bbox 1314 739 1556 777; x_wconf 78' lang='lat' dir='ltr'><strong>constanter</strong></span> <span class='ocrx_word' id='word_1_24' title='bbox 1585 734 1719 777; x_wconf 88' lang='lat' dir='ltr'><strong>utitur</strong></span> <span class='ocrx_word' id='word_1_25' title='bbox 1749 734 2069 791; x_wconf 85' lang='lat' dir='ltr'><strong>Aristophanes,</strong></span> <span class='ocrx_word' id='word_1_26' title='bbox 2098 740 2146 778; x_wconf 88' lang='lat' dir='ltr'><strong>ut</strong></span> <span class='ocrx_word' id='word_1_27' title='bbox 2174 744 2295 782; x_wconf 88' lang='lat' dir='ltr'><strong>extra</strong></span> <span class='ocrx_word' id='word_1_28' title='bbox 2324 752 2418 782; x_wconf 87' lang='lat' dir='ltr'><strong>ver·</strong></span> 
     </span>
     <span class='ocr_line' id='line_1_6' title="bbox 524 791 2421 851; baseline 0.003 -17"><span class='ocrx_word' id='word_1_29' title='bbox 524 805 617 835; x_wconf 86' lang='lat' dir='ltr'><strong>sum</strong></span> <span class='ocrx_word' id='word_1_30' title='bbox 647 792 702 835; x_wconf 91' lang='lat' dir='ltr'><strong>sit</strong></span> <span class='ocrx_word' id='word_1_31' title='bbox 729 794 881 848; x_wconf 87' lang='lat' dir='ltr'><strong>posita.</strong></span> <span class='ocrx_word' id='word_1_32' title='bbox 913 817 960 824; x_wconf 94' lang='lat'>—</span> <span class='ocrx_word' id='word_1_33' title='bbox 997 791 1326 846; x_wconf 84' lang='lat' dir='ltr'><strong>Chresmologus</strong></span> <span class='ocrx_word' id='word_1_34' title='bbox 1354 792 1493 834; x_wconf 90' lang='lat' dir='ltr'><strong>subito</strong></span> <span class='ocrx_word' id='word_1_35' title='bbox 1523 792 1567 833; x_wconf 92' lang='lat' dir='ltr'><strong>in</strong></span> <span class='ocrx_word' id='word_1_36' title='bbox 1596 803 1798 834; x_wconf 77' lang='lat' dir='ltr'><strong>scaenam</strong></span> <span class='ocrx_word' id='word_1_37' title='bbox 1822 793 2041 847; x_wconf 83' lang='lat' dir='ltr'><strong>ingressus</strong></span> <span class='ocrx_word' id='word_1_38' title='bbox 2063 793 2134 835; x_wconf 86' lang='lat' dir='ltr'><strong>vix</strong></span> <span class='ocrx_word' id='word_1_39' title='bbox 2157 799 2269 838; x_wconf 88' lang='lat' dir='ltr'><strong>recte</strong></span> <span class='ocrx_word' id='word_1_40' title='bbox 2284 798 2421 851; x_wconf 89' lang='lat' dir='ltr'><strong>potuit</strong></span> 
     </span>
     <span class='ocr_line' id='line_1_7' title="bbox 525 847 2418 909; baseline 0.002 -17"><span class='ocrx_word' id='word_1_41' title='bbox 525 850 668 893; x_wconf 85' lang='lat' dir='ltr'><strong>verbis</strong></span> <span class='ocrx_word' id='word_1_42' title='bbox 696 852 753 903; x_wconf 77' lang='grc' dir='ltr'><em>μή</em></span> <span class='ocrx_word' id='word_1_43' title='bbox 783 850 971 906; x_wconf 73' lang='grc' dir='ltr'><strong><em>κατάρξῃ</em></strong></span> <span class='ocrx_word' id='word_1_44' title='bbox 1001 849 1236 893; x_wconf 88' lang='lat' dir='ltr'><strong>orationem</strong></span> <span class='ocrx_word' id='word_1_45' title='bbox 1275 847 1445 891; x_wconf 87' lang='lat' dir='ltr'><strong>ordiri“.</strong></span> <span class='ocrx_word' id='word_1_46' title='bbox 1502 849 1657 903; x_wconf 80' lang='lat' dir='ltr'><strong>Recte3</strong></span> <span class='ocrx_word' id='word_1_47' title='bbox 1687 849 1825 903; x_wconf 89' lang='lat' dir='ltr'><strong>locus,</strong></span> <span class='ocrx_word' id='word_1_48' title='bbox 1873 850 1944 904; x_wconf 86' lang='lat' dir='ltr'><strong>qui</strong></span> <span class='ocrx_word' id='word_1_49' title='bbox 1975 855 2041 893; x_wconf 88' lang='lat' dir='ltr'><strong>est</strong></span> <span class='ocrx_word' id='word_1_50' title='bbox 2069 863 2199 906; x_wconf 88' lang='lat' dir='ltr'><strong>supra</strong></span> <span class='ocrx_word' id='word_1_51' title='bbox 2228 853 2314 895; x_wconf 81' lang='lat'><strong>904</strong></span> <span class='ocrx_word' id='word_1_52' title='bbox 2342 866 2418 909; x_wconf 70' lang='lat' dir='ltr'><strong>sq„</strong></span> 
     </span>
     <span class='ocr_line' id='line_1_8' title="bbox 526 904 2419 964; baseline 0.002 -14"><span class='ocrx_word' id='word_1_53' title='bbox 526 907 724 951; x_wconf 86' lang='lat' dir='ltr'><strong>diversae</strong></span> <span class='ocrx_word' id='word_1_54' title='bbox 751 914 817 950; x_wconf 87' lang='lat' dir='ltr'><strong>est</strong></span> <span class='ocrx_word' id='word_1_55' title='bbox 845 907 1035 950; x_wconf 86' lang='lat' dir='ltr'><strong>rationis.</strong></span> <span class='ocrx_word' id='word_1_56' title='bbox 1093 905 1188 960; x_wconf 76' lang='lat' dir='ltr'><strong>Ego</strong></span> <span class='ocrx_word' id='word_1_57' title='bbox 1218 909 1263 948; x_wconf 90' lang='lat' dir='ltr'><strong>ut</strong></span> <span class='ocrx_word' id='word_1_58' title='bbox 1290 905 1352 948; x_wconf 91' lang='lat' dir='ltr'><strong>ita</strong></span> <span class='ocrx_word' id='word_1_59' title='bbox 1374 904 1577 962; x_wconf 88' lang='lat' dir='ltr'><strong>judicem,</strong></span> <span class='ocrx_word' id='word_1_60' title='bbox 1607 906 1798 950; x_wconf 88' lang='lat' dir='ltr'><strong>adducor</strong></span> <span class='ocrx_word' id='word_1_61' title='bbox 1826 919 1958 950; x_wconf 89' lang='lat' dir='ltr'><strong>causa</strong></span> <span class='ocrx_word' id='word_1_62' title='bbox 1990 908 2253 964; x_wconf 88' lang='lat' dir='ltr'><strong>potissimum</strong></span> <span class='ocrx_word' id='word_1_63' title='bbox 2275 911 2419 954; x_wconf 79' lang='lat' dir='ltr'><strong>aMei-</strong></span> 
     </span>
     <span class='ocr_line' id='line_1_9' title="bbox 522 963 2416 1019; baseline 0.002 -11"><span class='ocrx_word' id='word_1_64' title='bbox 522 965 652 1009; x_wconf 87' lang='lat' dir='ltr'><strong>nekio</strong></span> <span class='ocrx_word' id='word_1_65' title='bbox 679 978 765 1008; x_wconf 90' lang='lat' dir='ltr'><strong>non</strong></span> <span class='ocrx_word' id='word_1_66' title='bbox 793 965 940 1008; x_wconf 86' lang='lat' dir='ltr'><strong>allata.</strong></span> <span class='ocrx_word' id='word_1_67' title='bbox 997 963 1166 1019; x_wconf 81' lang='lat' dir='ltr'>Quippe</span> <span class='ocrx_word' id='word_1_68' title='bbox 1194 964 1480 1007; x_wconf 86' lang='lat' dir='ltr'><strong>necessarium</strong></span> <span class='ocrx_word' id='word_1_69' title='bbox 1508 963 1688 1017; x_wconf 86' lang='lat' dir='ltr'><strong>videtur,</strong></span> <span class='ocrx_word' id='word_1_70' title='bbox 1730 969 1777 1007; x_wconf 91' lang='lat' dir='ltr'><strong>ut</strong></span> <span class='ocrx_word' id='word_1_71' title='bbox 1807 965 1936 1008; x_wconf 91' lang='lat' dir='ltr'><strong>Vates</strong></span> <span class='ocrx_word' id='word_1_72' title='bbox 1963 966 2309 1011; x_wconf 82' lang='lat' dir='ltr'>intercessionem</span> <span class='ocrx_word' id='word_1_73' title='bbox 2330 983 2416 1012; x_wconf 90' lang='lat' dir='ltr'><strong>non</strong></span> 
     </span>
     <span class='ocr_line' id='line_1_10' title="bbox 524 1020 2417 1078; baseline 0.003 -13"><span class='ocrx_word' id='word_1_74' title='bbox 524 1021 658 1065; x_wconf 82' lang='lat' dir='ltr'><strong>faeiat</strong></span> <span class='ocrx_word' id='word_1_75' title='bbox 700 1022 782 1065; x_wconf 90' lang='lat' dir='ltr'><strong>nisi</strong></span> <span class='ocrx_word' id='word_1_76' title='bbox 823 1035 953 1065; x_wconf 88' lang='lat' dir='ltr'><strong>causa</strong></span> <span class='ocrx_word' id='word_1_77' title='bbox 993 1020 1150 1064; x_wconf 88' lang='lat' dir='ltr'><strong>idonea</strong></span> <span class='ocrx_word' id='word_1_78' title='bbox 1194 1020 1340 1064; x_wconf 88' lang='lat' dir='ltr'><strong>allata.</strong></span> <span class='ocrx_word' id='word_1_79' title='bbox 1399 1020 1548 1075; x_wconf 89' lang='lat' dir='ltr'><strong>Itaque</strong></span> <span class='ocrx_word' id='word_1_80' title='bbox 1591 1035 1673 1076; x_wconf 89' lang='lat' dir='ltr'><strong>ego</strong></span> <span class='ocrx_word' id='word_1_81' title='bbox 1711 1035 1862 1065; x_wconf 90' lang='lat' dir='ltr'><strong>censeo</strong></span> <span class='ocrx_word' id='word_1_82' title='bbox 1876 1055 1887 1077; x_wconf 91' lang='lat'>,</span> <span class='ocrx_word' id='word_1_83' title='bbox 1930 1028 2027 1078; x_wconf 89' lang='lat' dir='ltr'><strong>post</strong></span> <span class='ocrx_word' id='word_1_84' title='bbox 2064 1023 2417 1070; x_wconf 81' lang='lat' dir='ltr'><strong>exclamationem</strong></span> 
     </span>
     <span class='ocr_line' id='line_1_11' title="bbox 523 1076 2418 1137; baseline 0.002 -16"><span class='ocrx_word' id='word_1_85' title='bbox 523 1080 757 1122; x_wconf 87' lang='lat' dir='ltr'><strong>Pithetaeri</strong></span> <span class='ocrx_word' id='word_1_86' title='bbox 799 1084 923 1121; x_wconf 86' lang='lat' dir='ltr'><strong>extra</strong></span> <span class='ocrx_word' id='word_1_87' title='bbox 967 1091 1134 1121; x_wconf 88' lang='lat' dir='ltr'><strong>versum</strong></span> <span class='ocrx_word' id='word_1_88' title='bbox 1172 1079 1377 1133; x_wconf 81' lang='lat' dir='ltr'><strong>positam:</strong></span> <span class='ocrx_word' id='word_1_89' title='bbox 1420 1076 1604 1131; x_wconf 74' lang='grc' dir='ltr'><strong><em>εὐφημία</em></strong></span> <span class='ocrx_word' id='word_1_90' title='bbox 1634 1078 1762 1127; x_wconf 79' lang='grc' dir='ltr'><strong><em>ἔστω,</em></strong></span> <span class='ocrx_word' id='word_1_91' title='bbox 1800 1080 1867 1122; x_wconf 89' lang='lat' dir='ltr'><strong>vel</strong></span> <span class='ocrx_word' id='word_1_92' title='bbox 1897 1081 2184 1134; x_wconf 83' lang='lat' dir='ltr'><strong>probabilius:</strong></span> <span class='ocrx_word' id='word_1_93' title='bbox 2228 1082 2418 1137; x_wconf 74' lang='grc' dir='ltr'><strong><em>εὐφημία</em></strong></span> 
     </span>
     <span class='ocr_line' id='line_1_12' title="bbox 523 1134 2418 1192; baseline 0.003 -15"><span class='ocrx_word' id='word_1_94' title='bbox 523 1136 639 1183; x_wconf 77' lang='grc' dir='ltr'><strong><em>ἔστω,</em></strong></span> <span class='ocrx_word' id='word_1_95' title='bbox 667 1135 854 1189; x_wconf 73' lang='grc' dir='ltr'><strong><em>εὐφημία</em></strong></span> <span class='ocrx_word' id='word_1_96' title='bbox 884 1135 1007 1182; x_wconf 81' lang='grc' dir='ltr'><strong><em>ἔστω,</em></strong></span> <span class='ocrx_word' id='word_1_97' title='bbox 1050 1134 1316 1177; x_wconf 83' lang='lat' dir='ltr'><strong>intercidisse</strong></span> <span class='ocrx_word' id='word_1_98' title='bbox 1356 1134 1539 1189; x_wconf 80' lang='lat' dir='ltr'><strong>priorem</strong></span> <span class='ocrx_word' id='word_1_99' title='bbox 1568 1140 1733 1188; x_wconf 88' lang='lat' dir='ltr'><strong>partem</strong></span> <span class='ocrx_word' id='word_1_100' title='bbox 1769 1149 1917 1178; x_wconf 87' lang='lat' dir='ltr'><strong>versus</strong></span> <span class='ocrx_word' id='word_1_101' title='bbox 1947 1150 1975 1178; x_wconf 90' lang='lat' dir='ltr'><strong>a</strong></span> <span class='ocrx_word' id='word_1_102' title='bbox 2006 1137 2116 1179; x_wconf 87' lang='lat' dir='ltr'><strong>Vate</strong></span> <span class='ocrx_word' id='word_1_103' title='bbox 2149 1142 2418 1192; x_wconf 86' lang='lat' dir='ltr'><strong>pronunciati</strong></span> 
     </span>
     <span class='ocr_line' id='line_1_13' title="bbox 522 1191 2417 1251; baseline 0.003 -16"><span class='ocrx_word' id='word_1_104' title='bbox 522 1193 586 1236; x_wconf 89' lang='lat' dir='ltr'><strong>ita</strong></span> <span class='ocrx_word' id='word_1_105' title='bbox 615 1197 885 1247; x_wconf 85' lang='lat' dir='ltr'><strong>conceptam:</strong></span> <span class='ocrx_word' id='word_1_106' title='bbox 916 1191 1176 1245; x_wconf 75' lang='grc' dir='ltr'><strong>διοσημία</strong></span> <span class='ocrx_word' id='word_1_107' title='bbox 1207 1192 1316 1241; x_wconf 78' lang='grc' dir='ltr'><strong>’στί,</strong></span> <span class='ocrx_word' id='word_1_108' title='bbox 1345 1204 1457 1245; x_wconf 88' lang='lat' dir='ltr'><strong>quae</strong></span> <span class='ocrx_word' id='word_1_109' title='bbox 1485 1193 1615 1234; x_wconf 86' lang='lat' dir='ltr'><strong>verba</strong></span> <span class='ocrx_word' id='word_1_110' title='bbox 1644 1205 1773 1246; x_wconf 89' lang='lat' dir='ltr'><strong>quam</strong></span> <span class='ocrx_word' id='word_1_111' title='bbox 1804 1192 1931 1235; x_wconf 89' lang='lat' dir='ltr'><strong>facile</strong></span> <span class='ocrx_word' id='word_1_112' title='bbox 1962 1194 2162 1236; x_wconf 86' lang='lat' dir='ltr'><strong>excidere</strong></span> <span class='ocrx_word' id='word_1_113' title='bbox 2191 1199 2417 1251; x_wconf 88' lang='lat' dir='ltr'><strong>potuerint,</strong></span> 
     </span>
     <span class='ocr_line' id='line_1_14' title="bbox 523 1248 2420 1304; baseline 0.003 -13"><span class='ocrx_word' id='word_1_114' title='bbox 523 1249 686 1292; x_wconf 88' lang='lat' dir='ltr'><strong>clarum</strong></span> <span class='ocrx_word' id='word_1_115' title='bbox 715 1254 791 1293; x_wconf 88' lang='lat' dir='ltr'><strong>est.</strong></span> <span class='ocrx_word' id='word_1_116' title='bbox 849 1249 915 1292; x_wconf 92' lang='lat' dir='ltr'><strong>De</strong></span> <span class='ocrx_word' id='word_1_117' title='bbox 944 1261 1003 1302; x_wconf 90' lang='lat' dir='ltr'><strong>re,</strong></span> <span class='ocrx_word' id='word_1_118' title='bbox 1033 1261 1145 1302; x_wconf 88' lang='lat' dir='ltr'><strong>quac</strong></span> <span class='ocrx_word' id='word_1_119' title='bbox 1175 1253 1347 1291; x_wconf 88' lang='lat' dir='ltr'><strong>vocatur</strong></span> <span class='ocrx_word' id='word_1_120' title='bbox 1375 1248 1587 1300; x_wconf 79' lang='grc' dir='ltr'><strong><em>διοσημία,</em></strong></span> <span class='ocrx_word' id='word_1_121' title='bbox 1617 1249 1725 1292; x_wconf 89' lang='lat' dir='ltr'><strong>satis</strong></span> <span class='ocrx_word' id='word_1_122' title='bbox 1756 1248 1894 1292; x_wconf 90' lang='lat' dir='ltr'><strong>habeo</strong></span> <span class='ocrx_word' id='word_1_123' title='bbox 1917 1250 2134 1304; x_wconf 86' lang='lat' dir='ltr'><strong>relegasse</strong></span> <span class='ocrx_word' id='word_1_124' title='bbox 2163 1251 2220 1294; x_wconf 91' lang='lat' dir='ltr'><strong>ad</strong></span> <span class='ocrx_word' id='word_1_125' title='bbox 2235 1254 2420 1296; x_wconf 88' lang='lat' dir='ltr'><strong>Acharn.</strong></span> 
     </span>
     <span class='ocr_line' id='line_1_15' title="bbox 521 1304 2013 1402; baseline 0.001 -54"><span class='ocrx_word' id='word_1_126' title='bbox 521 1305 593 1349; x_wconf 91' lang='lat' dir='ltr'><strong>Vs.</strong></span> <span class='ocrx_word' id='word_1_127' title='bbox 627 1307 706 1348; x_wconf 97' lang='grc'><strong>171</strong></span> <span class='ocrx_word' id='word_1_128' title='bbox 738 1310 866 1360; x_wconf 89' lang='lat' dir='ltr'><strong>atque</strong></span> <span class='ocrx_word' id='word_1_129' title='bbox 895 1319 948 1349; x_wconf 89' lang='lat' dir='ltr'><strong>ea</strong></span> <span class='ocrx_word' id='word_1_130' title='bbox 978 1317 1088 1360; x_wconf 92' lang='lat' dir='ltr'><strong>quae</strong></span> <span class='ocrx_word' id='word_1_131' title='bbox 1117 1304 1174 1348; x_wconf 90' lang='lat' dir='ltr'><strong>ad</strong></span> <span class='ocrx_word' id='word_1_132' title='bbox 1203 1318 1298 1348; x_wconf 90' lang='lat' dir='ltr'><strong>eum</strong></span> <span class='ocrx_word' id='word_1_133' title='bbox 1328 1305 1467 1402; x_wconf 44' lang='lat' dir='ltr'><strong>logum</strong></span> <span class='ocrx_word' id='word_1_134' title='bbox 1494 1305 1718 1348; x_wconf 84' lang='lat' dir='ltr'><strong>annotavit</strong></span> <span class='ocrx_word' id='word_1_135' title='bbox 1749 1306 2013 1349; x_wconf 83' lang='lat' dir='ltr'><strong>scholiastes.</strong></span> 
     </span>
    </p>

    <p class='ocr_par' dir='ltr' id='par_1_4' title="bbox 1308 1363 1627 1473">
     <span class='ocr_line' id='line_1_16' title="bbox 1409 1363 1554 1404; baseline 0 0"><span class='ocrx_word' id='word_1_136' title='bbox 1409 1374 1442 1404; x_wconf 89' lang='lat' dir='ltr'><strong>s.</strong></span> <span class='ocrx_word' id='word_1_137' title='bbox 1471 1363 1554 1404; x_wconf 84' lang='lat'><strong>975</strong></span> 
     </span>
     <span class='ocr_line' id='line_1_17' title="bbox 1308 1417 1627 1473; baseline 0 -13"><span class='ocrx_word' id='word_1_138' title='bbox 1308 1417 1450 1473; x_wconf 77' lang='lat' dir='ltr'><strong>perg’it</strong></span> <span class='ocrx_word' id='word_1_139' title='bbox 1479 1419 1627 1462; x_wconf 88' lang='lat' dir='ltr'><strong>Vates:</strong></span> 
     </span>
    </p>

    <p class='ocr_par' dir='ltr' id='par_1_5' title="bbox 521 1475 2476 1745">
     <span class='ocr_line' id='line_1_18' title="bbox 982 1475 2237 1532; baseline 0.002 -15"><span class='ocrx_word' id='word_1_140' title='bbox 982 1478 1054 1517; x_wconf 68' lang='grc' dir='ltr'><strong>καὶ</strong></span> <span class='ocrx_word' id='word_1_141' title='bbox 1084 1475 1248 1529; x_wconf 78' lang='grc' dir='ltr'><strong>φιάλην</strong></span> <span class='ocrx_word' id='word_1_142' title='bbox 1277 1475 1443 1524; x_wconf 79' lang='grc' dir='ltr'><strong><em>δοῦναι,</em></strong></span> <span class='ocrx_word' id='word_1_143' title='bbox 1475 1478 1544 1516; x_wconf 74' lang='grc' dir='ltr'><strong>καὶ</strong></span> <span class='ocrx_word' id='word_1_144' title='bbox 1573 1475 1830 1527; x_wconf 74' lang='grc' dir='ltr'><em>σπλάγχνων</em></span> <span class='ocrx_word' id='word_1_145' title='bbox 1858 1476 1961 1528; x_wconf 72' lang='grc' dir='ltr'><strong><em>χεῖρ’</em></strong></span> <span class='ocrx_word' id='word_1_146' title='bbox 1990 1477 2237 1532; x_wconf 73' lang='grc' dir='ltr'><strong>ἐπιπλῆσαι.</strong></span> 
     </span>
     <span class='ocr_line' id='line_1_19' title="bbox 522 1532 2421 1591; baseline 0.001 -15"><span class='ocrx_word' id='word_1_147' title='bbox 522 1533 711 1576; x_wconf 88' lang='lat' dir='ltr'><strong>Verbum</strong></span> <span class='ocrx_word' id='word_1_148' title='bbox 754 1533 986 1586; x_wconf 73' lang='grc' dir='ltr'>ἐπιπλῆσαι</span> <span class='ocrx_word' id='word_1_149' title='bbox 1016 1537 1255 1588; x_wconf 88' lang='lat' dir='ltr'><strong>corruptum</strong></span> <span class='ocrx_word' id='word_1_150' title='bbox 1287 1546 1392 1586; x_wconf 90' lang='lat' dir='ltr'><strong>esse,</strong></span> <span class='ocrx_word' id='word_1_151' title='bbox 1423 1532 1528 1574; x_wconf 87' lang='lat' dir='ltr'><strong>vidit</strong></span> <span class='ocrx_word' id='word_1_152' title='bbox 1557 1533 1757 1575; x_wconf 86' lang='lat' dir='ltr'><strong>Cobetus.</strong></span> <span class='ocrx_word' id='word_1_153' title='bbox 1815 1533 1953 1575; x_wconf 85' lang='lat' dir='ltr'><strong>Scribi</strong></span> <span class='ocrx_word' id='word_1_154' title='bbox 1983 1534 2136 1577; x_wconf 85' lang='lat' dir='ltr'><strong>voluit:</strong></span> <span class='ocrx_word' id='word_1_155' title='bbox 2177 1535 2331 1591; x_wconf 75' lang='grc' dir='ltr'>ἐνιπλῆ</span> <span class='ocrx_word' id='word_1_156' title='bbox 2337 1548 2421 1579; x_wconf 90' lang='grc' dir='ltr'>σαι.</span> 
     </span>
     <span class='ocr_line' id='line_1_20' title="bbox 522 1590 2417 1646; baseline 0.003 -14"><span class='ocrx_word' id='word_1_157' title='bbox 522 1591 644 1642; x_wconf 80' lang='lat' dir='ltr'><strong>Quae</strong></span> <span class='ocrx_word' id='word_1_158' title='bbox 673 1590 918 1645; x_wconf 89' lang='lat' dir='ltr'><strong>conjectura</strong></span> <span class='ocrx_word' id='word_1_159' title='bbox 946 1591 1128 1646; x_wconf 87' lang='lat' dir='ltr'><strong>probata</strong></span> <span class='ocrx_word' id='word_1_160' title='bbox 1157 1594 1222 1632; x_wconf 91' lang='lat' dir='ltr'><strong>est</strong></span> <span class='ocrx_word' id='word_1_161' title='bbox 1250 1603 1277 1631; x_wconf 89' lang='lat' dir='ltr'><strong>a</strong></span> <span class='ocrx_word' id='word_1_162' title='bbox 1306 1590 1607 1632; x_wconf 87' lang='lat' dir='ltr'><strong>recentioribus</strong></span> <span class='ocrx_word' id='word_1_163' title='bbox 1637 1590 1883 1632; x_wconf 85' lang='lat' dir='ltr'><strong>editoribus.</strong></span> <span class='ocrx_word' id='word_1_164' title='bbox 1942 1592 2000 1633; x_wconf 86' lang='lat' dir='ltr'><strong>At</strong></span> <span class='ocrx_word' id='word_1_165' title='bbox 2029 1591 2221 1636; x_wconf 84' lang='lat' dir='ltr'><strong>faciliore</strong></span> <span class='ocrx_word' id='word_1_166' title='bbox 2245 1594 2417 1638; x_wconf 85' lang='lat' dir='ltr'><strong>eadem-</strong></span> 
     </span>
     <span class='ocr_line' id='line_1_21' title="bbox 521 1647 2476 1745; baseline 0.001 -56"><span class='ocrx_word' id='word_1_167' title='bbox 521 1661 603 1701; x_wconf 91' lang='lat' dir='ltr'><strong>que</strong></span> <span class='ocrx_word' id='word_1_168' title='bbox 632 1647 797 1702; x_wconf 87' lang='lat' dir='ltr'><strong>aptiore</strong></span> <span class='ocrx_word' id='word_1_169' title='bbox 826 1649 1059 1690; x_wconf 85' lang='lat' dir='ltr'><strong>mutatione</strong></span> <span class='ocrx_word' id='word_1_170' title='bbox 1088 1647 1497 1745; x_wconf 81' lang='lat' dir='ltr'><strong>corrigendumVest:</strong></span> <span class='ocrx_word' id='word_1_171' title='bbox 1527 1647 1600 1687; x_wconf 82' lang='grc' dir='ltr'><strong>ἔτι</strong></span> <span class='ocrx_word' id='word_1_172' title='bbox 1632 1648 1898 1703; x_wconf 51' lang='grc' dir='ltr'><strong>(Ἀρναοεενεα</strong></span> <span class='ocrx_word' id='word_1_173' title='bbox 1927 1649 2102 1704; x_wconf 75' lang='lat' dir='ltr'><strong>etiam“)</strong></span> <span class='ocrx_word' id='word_1_174' title='bbox 2133 1649 2352 1704; x_wconf 81' lang='grc' dir='ltr'><strong>πλῆσαι.</strong></span> <span class='ocrx_word' id='word_1_175' title='bbox 2474 1657 2476 1659; x_wconf 79' lang='grc'>’</span> 
     </span>
    </p>

    <p class='ocr_par' dir='ltr' id='par_1_6' title="bbox 1408 1704 1555 1746">
     <span class='ocr_line' id='line_1_22' title="bbox 1408 1704 1555 1746; baseline -0.007 0"><span class='ocrx_word' id='word_1_176' title='bbox 1408 1716 1442 1746; x_wconf 91' lang='lat' dir='ltr'><strong>s.</strong></span> <span class='ocrx_word' id='word_1_177' title='bbox 1471 1704 1555 1746; x_wconf 91' lang='grc'><strong>979</strong></span> 
     </span>
    </p>

    <p class='ocr_par' dir='ltr' id='par_1_7' title="bbox 523 1761 2125 1815">
     <span class='ocr_line' id='line_1_23' title="bbox 523 1761 2125 1815; baseline -0.001 -10"><span class='ocrx_word' id='word_1_178' title='bbox 523 1761 754 1805; x_wconf 89' lang='lat' dir='ltr'><strong>secundum</strong></span> <span class='ocrx_word' id='word_1_179' title='bbox 783 1762 915 1804; x_wconf 90' lang='lat' dir='ltr'><strong>libros</strong></span> <span class='ocrx_word' id='word_1_180' title='bbox 945 1766 1149 1815; x_wconf 86' lang='lat' dir='ltr'><strong>mscrptos</strong></span> <span class='ocrx_word' id='word_1_181' title='bbox 1179 1762 1284 1803; x_wconf 89' lang='lat' dir='ltr'><strong>haec</strong></span> <span class='ocrx_word' id='word_1_182' title='bbox 1314 1761 1485 1803; x_wconf 85' lang='lat' dir='ltr'><strong>Bacidis</strong></span> <span class='ocrx_word' id='word_1_183' title='bbox 1515 1761 1646 1803; x_wconf 89' lang='lat' dir='ltr'><strong>verba</strong></span> <span class='ocrx_word' id='word_1_184' title='bbox 1675 1761 1907 1803; x_wconf 84' lang='lat' dir='ltr'><strong>recitantur</strong></span> <span class='ocrx_word' id='word_1_185' title='bbox 1936 1775 1964 1803; x_wconf 91' lang='lat' dir='ltr'><strong>a</strong></span> <span class='ocrx_word' id='word_1_186' title='bbox 1994 1762 2125 1804; x_wconf 90' lang='lat' dir='ltr'><strong>Vate:</strong></span> 
     </span>
    </p>

    <p class='ocr_par' dir='ltr' id='par_1_8' title="bbox 518 1816 2415 2272">
     <span class='ocr_line' id='line_1_24' title="bbox 980 1816 2181 1873; baseline 0.002 -15"><span class='ocrx_word' id='word_1_187' title='bbox 980 1817 1058 1858; x_wconf 81' lang='grc' dir='ltr'><strong><em>οὐκ</em></strong></span> <span class='ocrx_word' id='word_1_188' title='bbox 1087 1817 1170 1858; x_wconf 83' lang='grc' dir='ltr'>ἔσει</span> <span class='ocrx_word' id='word_1_189' title='bbox 1199 1817 1251 1858; x_wconf 78' lang='grc' dir='ltr'><strong><em>οὗ</em></strong></span> <span class='ocrx_word' id='word_1_190' title='bbox 1281 1819 1455 1871; x_wconf 72' lang='grc' dir='ltr'><strong><em>τρυγών,</em></strong></span> <span class='ocrx_word' id='word_1_191' title='bbox 1486 1817 1574 1858; x_wconf 76' lang='grc' dir='ltr'><strong><em>οὐδ’</em></strong></span> <span class='ocrx_word' id='word_1_192' title='bbox 1606 1817 1757 1866; x_wconf 75' lang='grc' dir='ltr'><strong><em>αἰετός,</em></strong></span> <span class='ocrx_word' id='word_1_193' title='bbox 1789 1816 1842 1857; x_wconf 72' lang='grc' dir='ltr'><strong><em>οὐ</em></strong></span> <span class='ocrx_word' id='word_1_194' title='bbox 1872 1817 2181 1873; x_wconf 73' lang='grc' dir='ltr'><strong>δρυκολάπτης.</strong></span> 
     </span>
     <span class='ocr_line' id='line_1_25' title="bbox 521 1873 2415 1930; baseline 0.001 -11"><span class='ocrx_word' id='word_1_195' title='bbox 521 1876 650 1920; x_wconf 89' lang='lat' dir='ltr'><strong>Recte</strong></span> <span class='ocrx_word' id='word_1_196' title='bbox 680 1875 904 1919; x_wconf 88' lang='lat' dir='ltr'><strong>Dobraeus</strong></span> <span class='ocrx_word' id='word_1_197' title='bbox 933 1874 1156 1930; x_wconf 84' lang='lat' dir='ltr'><strong>intellexit,</strong></span> <span class='ocrx_word' id='word_1_198' title='bbox 1185 1875 1316 1919; x_wconf 87' lang='lat' dir='ltr'><strong>verba</strong></span> <span class='ocrx_word' id='word_1_199' title='bbox 1345 1873 1437 1916; x_wconf 77' lang='grc' dir='ltr'><strong><em>οὐδ’</em></strong></span> <span class='ocrx_word' id='word_1_200' title='bbox 1468 1874 1604 1922; x_wconf 80' lang='grc' dir='ltr'><strong><em>αῑετὸς</em></strong></span> <span class='ocrx_word' id='word_1_201' title='bbox 1633 1874 1837 1918; x_wconf 89' lang='lat' dir='ltr'><strong>mendosa</strong></span> <span class='ocrx_word' id='word_1_202' title='bbox 1867 1888 1973 1919; x_wconf 90' lang='lat' dir='ltr'><strong>esse.</strong></span> <span class='ocrx_word' id='word_1_203' title='bbox 2032 1875 2149 1920; x_wconf 87' lang='lat' dir='ltr'><strong>Inter</strong></span> <span class='ocrx_word' id='word_1_204' title='bbox 2186 1878 2415 1922; x_wconf 88' lang='lat' dir='ltr'><strong>correctio-</strong></span> 
     </span>
     <span class='ocr_line' id='line_1_26' title="bbox 522 1931 2414 1990; baseline 0.002 -15"><span class='ocrx_word' id='word_1_205' title='bbox 522 1945 620 1985; x_wconf 86' lang='lat' dir='ltr'><strong>nes,</strong></span> <span class='ocrx_word' id='word_1_206' title='bbox 663 1946 771 1986; x_wconf 89' lang='lat' dir='ltr'><strong>quas</strong></span> <span class='ocrx_word' id='word_1_207' title='bbox 800 1932 991 1975; x_wconf 89' lang='lat' dir='ltr'><strong>homines</strong></span> <span class='ocrx_word' id='word_1_208' title='bbox 1022 1932 1133 1974; x_wconf 91' lang='lat' dir='ltr'><strong>docti</strong></span> <span class='ocrx_word' id='word_1_209' title='bbox 1164 1936 1490 1988; x_wconf 85' lang='lat' dir='ltr'><strong>proposuerunt,</strong></span> <span class='ocrx_word' id='word_1_210' title='bbox 1531 1932 1699 1974; x_wconf 85' lang='lat' dir='ltr'><strong>excellit</strong></span> <span class='ocrx_word' id='word_1_211' title='bbox 1729 1944 1802 1985; x_wconf 90' lang='lat' dir='ltr'><strong>ea,</strong></span> <span class='ocrx_word' id='word_1_212' title='bbox 1834 1944 1943 1985; x_wconf 90' lang='lat' dir='ltr'><strong>quae</strong></span> <span class='ocrx_word' id='word_1_213' title='bbox 1974 1931 2153 1976; x_wconf 90' lang='lat' dir='ltr'><strong>debetur</strong></span> <span class='ocrx_word' id='word_1_214' title='bbox 2182 1933 2414 1990; x_wconf 87' lang='lat' dir='ltr'><strong>Meinekio,</strong></span> 
     </span>
     <span class='ocr_line' id='line_1_27' title="bbox 518 1988 2414 2047; baseline 0.001 -15"><span class='ocrx_word' id='word_1_215' title='bbox 518 1989 788 2032; x_wconf 89' lang='lat' dir='ltr'><strong>scribendum</strong></span> <span class='ocrx_word' id='word_1_216' title='bbox 818 2003 911 2032; x_wconf 86' lang='lat' dir='ltr'><strong>esse</strong></span> <span class='ocrx_word' id='word_1_217' title='bbox 941 1990 1152 2032; x_wconf 83' lang='lat' dir='ltr'><strong>censenti:</strong></span> <span class='ocrx_word' id='word_1_218' title='bbox 1183 1988 1234 2032; x_wconf 78' lang='grc' dir='ltr'><strong><em>οὐ</em></strong></span> <span class='ocrx_word' id='word_1_219' title='bbox 1261 1988 1401 2035; x_wconf 64' lang='grc' dir='ltr'><strong><em>λαίος.</em></strong></span> <span class='ocrx_word' id='word_1_220' title='bbox 1456 1990 1557 2030; x_wconf 92' lang='lat' dir='ltr'><strong>Mihi</strong></span> <span class='ocrx_word' id='word_1_221' title='bbox 1587 2002 1721 2041; x_wconf 89' lang='lat' dir='ltr'><strong>aeque</strong></span> <span class='ocrx_word' id='word_1_222' title='bbox 1750 1990 1973 2042; x_wconf 88' lang='lat' dir='ltr'><strong>probabile</strong></span> <span class='ocrx_word' id='word_1_223' title='bbox 2002 1990 2183 2044; x_wconf 85' lang='lat' dir='ltr'><strong>videtur,</strong></span> <span class='ocrx_word' id='word_1_224' title='bbox 2213 1992 2414 2047; x_wconf 83' lang='lat' dir='ltr'><strong>scriptum</strong></span> 
     </span>
     <span class='ocr_line' id='line_1_28' title="bbox 520 2044 2415 2101; baseline 0.001 -12"><span class='ocrx_word' id='word_1_225' title='bbox 520 2045 674 2089; x_wconf 89' lang='lat' dir='ltr'><strong>fuisse:</strong></span> <span class='ocrx_word' id='word_1_226' title='bbox 704 2044 793 2089; x_wconf 78' lang='grc' dir='ltr'><strong><em>οὐκ</em></strong></span> <span class='ocrx_word' id='word_1_227' title='bbox 823 2046 1012 2096; x_wconf 78' lang='grc' dir='ltr'><strong><em>αἴγιθο</em></strong></span> <span class='ocrx_word' id='word_1_228' title='bbox 1023 2061 1055 2097; x_wconf 89' lang='grc' dir='ltr'><strong>ς,</strong></span> <span class='ocrx_word' id='word_1_229' title='bbox 1087 2060 1262 2100; x_wconf 91' lang='lat' dir='ltr'><strong>quorum</strong></span> <span class='ocrx_word' id='word_1_230' title='bbox 1280 2045 1503 2089; x_wconf 86' lang='lat' dir='ltr'><strong>verborum</strong></span> <span class='ocrx_word' id='word_1_231' title='bbox 1521 2045 1576 2099; x_wconf 91' lang='lat' dir='ltr'><strong>id,</strong></span> <span class='ocrx_word' id='word_1_232' title='bbox 1608 2044 1720 2099; x_wconf 91' lang='lat' dir='ltr'><strong>quod</strong></span> <span class='ocrx_word' id='word_1_233' title='bbox 1742 2048 1952 2100; x_wconf 86' lang='lat' dir='ltr'><strong>posterius</strong></span> <span class='ocrx_word' id='word_1_234' title='bbox 1973 2050 2051 2101; x_wconf 85' lang='lat' dir='ltr'><strong>est,</strong></span> <span class='ocrx_word' id='word_1_235' title='bbox 2081 2048 2268 2090; x_wconf 91' lang='lat' dir='ltr'><strong>omnium</strong></span> <span class='ocrx_word' id='word_1_236' title='bbox 2295 2049 2415 2092; x_wconf 86' lang='lat' dir='ltr'><strong>facil-</strong></span> 
     </span>
     <span class='ocr_line' id='line_1_29' title="bbox 519 2103 2412 2161; baseline 0.002 -15"><span class='ocrx_word' id='word_1_237' title='bbox 519 2103 619 2147; x_wconf 93' lang='lat' dir='ltr'><strong>lime</strong></span> <span class='ocrx_word' id='word_1_238' title='bbox 648 2104 692 2146; x_wconf 90' lang='lat' dir='ltr'><strong>in</strong></span> <span class='ocrx_word' id='word_1_239' title='bbox 723 2103 860 2152; x_wconf 75' lang='grc' dir='ltr'><strong><em>αἰετὸς</em></strong></span> <span class='ocrx_word' id='word_1_240' title='bbox 889 2104 1097 2159; x_wconf 87' lang='lat' dir='ltr'><strong>eorrumpi</strong></span> <span class='ocrx_word' id='word_1_241' title='bbox 1130 2104 1279 2159; x_wconf 84' lang='lat' dir='ltr'><strong>potuit.</strong></span> <span class='ocrx_word' id='word_1_242' title='bbox 1337 2103 1403 2146; x_wconf 92' lang='lat' dir='ltr'><strong>De</strong></span> <span class='ocrx_word' id='word_1_243' title='bbox 1431 2104 1503 2146; x_wconf 90' lang='lat' dir='ltr'><strong>avi</strong></span> <span class='ocrx_word' id='word_1_244' title='bbox 1532 2103 1717 2157; x_wconf 85' lang='lat' dir='ltr'><strong>aegith0‚</strong></span> <span class='ocrx_word' id='word_1_245' title='bbox 1762 2103 1834 2145; x_wconf 91' lang='lat' dir='ltr'><strong>avi</strong></span> <span class='ocrx_word' id='word_1_246' title='bbox 1861 2103 2051 2158; x_wconf 89' lang='lat' dir='ltr'><strong>minima,</strong></span> <span class='ocrx_word' id='word_1_247' title='bbox 2082 2104 2139 2148; x_wconf 93' lang='lat' dir='ltr'><strong>ad</strong></span> <span class='ocrx_word' id='word_1_248' title='bbox 2161 2105 2412 2161; x_wconf 88' lang='lat' dir='ltr'><strong>accipitrum</strong></span> 
     </span>
     <span class='ocr_line' id='line_1_30' title="bbox 518 2160 2413 2217; baseline 0.001 -14"><span class='ocrx_word' id='word_1_249' title='bbox 518 2174 678 2215; x_wconf 87' lang='lat' dir='ltr'><strong>genera</strong></span> <span class='ocrx_word' id='word_1_250' title='bbox 708 2162 944 2215; x_wconf 90' lang='lat' dir='ltr'><strong>pertinente</strong></span> <span class='ocrx_word' id='word_1_251' title='bbox 975 2160 1049 2202; x_wconf 87' lang='lat' dir='ltr'><strong>cfr.</strong></span> <span class='ocrx_word' id='word_1_252' title='bbox 1079 2161 1319 2203; x_wconf 88' lang='lat' dir='ltr'><strong>Aristotelis</strong></span> <span class='ocrx_word' id='word_1_253' title='bbox 1357 2160 1467 2202; x_wconf 89' lang='lat' dir='ltr'><strong>Hist.</strong></span> <span class='ocrx_word' id='word_1_254' title='bbox 1494 2161 1619 2202; x_wconf 90' lang='lat' dir='ltr'><strong>anim.</strong></span> <span class='ocrx_word' id='word_1_255' title='bbox 1647 2161 1723 2212; x_wconf 91' lang='lat' dir='ltr'><strong>IX,</strong></span> <span class='ocrx_word' id='word_1_256' title='bbox 1754 2161 1824 2214; x_wconf 88' lang='grc'><strong>36,</strong></span> <span class='ocrx_word' id='word_1_257' title='bbox 1853 2174 1892 2215; x_wconf 86' lang='lat' dir='ltr'><strong>p.</strong></span> <span class='ocrx_word' id='word_1_258' title='bbox 1924 2162 2051 2215; x_wconf 81' lang='lat' dir='ltr'><strong>620a,</strong></span> <span class='ocrx_word' id='word_1_259' title='bbox 2079 2163 2148 2217; x_wconf 84' lang='grc'><strong>22,</strong></span> <span class='ocrx_word' id='word_1_260' title='bbox 2178 2163 2286 2205; x_wconf 89' lang='lat' dir='ltr'><strong>Plin.</strong></span> <span class='ocrx_word' id='word_1_261' title='bbox 2317 2165 2413 2206; x_wconf 86' lang='lat' dir='ltr'><strong>Nat.</strong></span> 
     </span>
     <span class='ocr_line' id='line_1_31' title="bbox 525 2217 1799 2272; baseline -0.002 -13"><span class='ocrx_word' id='word_1_262' title='bbox 525 2219 620 2260; x_wconf 88' lang='lat' dir='ltr'><strong>hist.</strong></span> <span class='ocrx_word' id='word_1_263' title='bbox 652 2219 705 2272; x_wconf 91' lang='lat' dir='ltr'><strong>X,</strong></span> <span class='ocrx_word' id='word_1_264' title='bbox 735 2220 805 2271; x_wconf 84' lang='lat'><strong>21,</strong></span> <span class='ocrx_word' id='word_1_265' title='bbox 834 2219 932 2270; x_wconf 87' lang='grc'><strong>204,</strong></span> <span class='ocrx_word' id='word_1_266' title='bbox 964 2217 1060 2272; x_wconf 83' lang='grc'><strong>205,</strong></span> <span class='ocrx_word' id='word_1_267' title='bbox 1093 2217 1342 2259; x_wconf 85' lang='lat' dir='ltr'><strong>Callimach.</strong></span> <span class='ocrx_word' id='word_1_268' title='bbox 1372 2218 1542 2271; x_wconf 86' lang='lat' dir='ltr'><strong>Fragm.</strong></span> <span class='ocrx_word' id='word_1_269' title='bbox 1571 2217 1799 2259; x_wconf 84' lang='lat' dir='ltr'>CCCXXI.</span> 
     </span>
    </p>

    <p class='ocr_par' dir='ltr' id='par_1_9' title="bbox 982 2274 1912 2551">
     <span class='ocr_line' id='line_1_32' title="bbox 1339 2274 1613 2327; baseline 0.004 -12"><span class='ocrx_word' id='word_1_270' title='bbox 1339 2274 1411 2315; x_wconf 90' lang='lat' dir='ltr'><strong>Vs.</strong></span> <span class='ocrx_word' id='word_1_271' title='bbox 1441 2275 1523 2316; x_wconf 85' lang='lat'><strong>992</strong></span> <span class='ocrx_word' id='word_1_272' title='bbox 1552 2287 1613 2327; x_wconf 85' lang='lat' dir='ltr'><strong>sq.</strong></span> 
     </span>
     <span class='ocr_line' id='line_1_33' title="bbox 1356 2332 1582 2372; baseline 0.004 -1"><span class='ocrx_word' id='word_1_273' title='bbox 1356 2332 1582 2372; x_wconf 86' lang='grc' dir='ltr'><em>ΜΕΤΩΝ.</em></span> 
     </span>
     <span class='ocr_line' id='line_1_34' title="bbox 982 2385 1340 2441; baseline -0.003 -15"><span class='ocrx_word' id='word_1_274' title='bbox 982 2388 1069 2441; x_wconf 75' lang='grc' dir='ltr'><strong>ἥκω</strong></span> <span class='ocrx_word' id='word_1_275' title='bbox 1099 2389 1198 2439; x_wconf 84' lang='grc' dir='ltr'><strong><em>παρ’</em></strong></span> <span class='ocrx_word' id='word_1_276' title='bbox 1228 2385 1340 2438; x_wconf 81' lang='grc' dir='ltr'><strong><em>ὑμᾶς</em></strong></span> 
     </span>
     <span class='ocr_line' id='line_1_35' title="bbox 1263 2443 1682 2484; baseline 0 -2"><span class='ocrx_word' id='word_1_277' title='bbox 1263 2443 1682 2484; x_wconf 67' lang='grc' dir='ltr'><em>ΙΙΕΙΘΕΤΛῙΡΟΣ.</em></span> 
     </span>
     <span class='ocr_line' id='line_1_36' title="bbox 1377 2495 1912 2551; baseline 0 -11"><span class='ocrx_word' id='word_1_278' title='bbox 1377 2501 1515 2551; x_wconf 73' lang='grc' dir='ltr'><strong><em>ἕτερον</em></strong></span> <span class='ocrx_word' id='word_1_279' title='bbox 1545 2495 1600 2540; x_wconf 81' lang='grc' dir='ltr'><strong>αὖ</strong></span> <span class='ocrx_word' id='word_1_280' title='bbox 1627 2502 1736 2540; x_wconf 76' lang='grc' dir='ltr'><strong><em>τουτὶ</em></strong></span> <span class='ocrx_word' id='word_1_281' title='bbox 1766 2500 1912 2540; x_wconf 69' lang='grc' dir='ltr'><strong><em>κακόν.</em></strong></span> 
     </span>
    </p>

    <p class='ocr_par' dir='ltr' id='par_1_10' title="bbox 982 2555 2078 2612">
     <span class='ocr_line' id='line_1_37' title="bbox 982 2555 2078 2612; baseline -0.001 -12"><span class='ocrx_word' id='word_1_282' title='bbox 982 2560 1019 2600; x_wconf 79' lang='grc' dir='ltr'><strong>τί</strong></span> <span class='ocrx_word' id='word_1_283' title='bbox 1049 2557 1086 2600; x_wconf 83' lang='grc' dir='ltr'><strong>δ’</strong></span> <span class='ocrx_word' id='word_1_284' title='bbox 1117 2555 1174 2602; x_wconf 86' lang='grc' dir='ltr'><strong>αὖ</strong></span> <span class='ocrx_word' id='word_1_285' title='bbox 1202 2557 1250 2599; x_wconf 74' lang='grc' dir='ltr'>σι)</span> <span class='ocrx_word' id='word_1_286' title='bbox 1284 2556 1478 2610; x_wconf 57' lang='grc' dir='ltr'><strong>δρόσους</strong></span> <span class='ocrx_word' id='word_1_287' title='bbox 1507 2557 1563 2605; x_wconf 75' lang='grc' dir='ltr'><strong>τίς</strong></span> <span class='ocrx_word' id='word_1_288' title='bbox 1591 2556 1630 2597; x_wconf 84' lang='lat' dir='ltr'><strong>d&#39;</strong></span> <span class='ocrx_word' id='word_1_289' title='bbox 1661 2555 1758 2598; x_wconf 80' lang='grc' dir='ltr'><strong><em>ἰδέα</em></strong></span> <span class='ocrx_word' id='word_1_290' title='bbox 1787 2555 2078 2612; x_wconf 80' lang='grc' dir='ltr'><strong><em>βουλήματος,·</em></strong></span> 
     </span>
    </p>

    <p class='ocr_par' dir='ltr' id='par_1_11' title="bbox 518 2614 2414 2958">
     <span class='ocr_line' id='line_1_38' title="bbox 979 2614 1953 2670; baseline -0.003 -13"><span class='ocrx_word' id='word_1_291' title='bbox 979 2619 1037 2664; x_wconf 77' lang='grc' dir='ltr'><strong>τίς</strong></span> <span class='ocrx_word' id='word_1_292' title='bbox 1066 2615 1090 2670; x_wconf 83' lang='grc' dir='ltr'><em>ἦ</em></span> <span class='ocrx_word' id='word_1_293' title='bbox 1122 2618 1294 2664; x_wconf 56' lang='lat' dir='ltr'><strong>’nircum</strong></span> <span class='ocrx_word' id='word_1_294' title='bbox 1324 2618 1382 2662; x_wconf 79' lang='grc' dir='ltr'><strong>τίς</strong></span> <span class='ocrx_word' id='word_1_295' title='bbox 1412 2614 1435 2655; x_wconf 77' lang='grc' dir='ltr'>ὁ</span> <span class='ocrx_word' id='word_1_296' title='bbox 1468 2617 1691 2666; x_wconf 78' lang='grc' dir='ltr'><strong><em>κόθορνος,</em></strong></span> <span class='ocrx_word' id='word_1_297' title='bbox 1722 2617 1792 2667; x_wconf 81' lang='grc' dir='ltr'><strong>τῆς</strong></span> <span class='ocrx_word' id='word_1_298' title='bbox 1822 2614 1953 2665; x_wconf 75' lang='grc' dir='ltr'><strong><em>ὁδοῦ;</em></strong></span> 
     </span>
     <span class='ocr_line' id='line_1_39' title="bbox 525 2671 2411 2728; baseline -0.002 -12"><span class='ocrx_word' id='word_1_299' title='bbox 525 2673 740 2716; x_wconf 86' lang='lat' dir='ltr'><strong>Particula</strong></span> <span class='ocrx_word' id='word_1_300' title='bbox 771 2671 841 2722; x_wconf 79' lang='grc' dir='ltr'><strong>αὖ,</strong></span> <span class='ocrx_word' id='word_1_301' title='bbox 873 2687 982 2727; x_wconf 89' lang='lat' dir='ltr'><strong>quae</strong></span> <span class='ocrx_word' id='word_1_302' title='bbox 1012 2678 1076 2716; x_wconf 87' lang='lat' dir='ltr'><strong>est</strong></span> <span class='ocrx_word' id='word_1_303' title='bbox 1105 2675 1150 2715; x_wconf 90' lang='lat' dir='ltr'><strong>in</strong></span> <span class='ocrx_word' id='word_1_304' title='bbox 1180 2673 1251 2715; x_wconf 89' lang='lat' dir='ltr'><strong>Vs.</strong></span> <span class='ocrx_word' id='word_1_305' title='bbox 1281 2673 1378 2726; x_wconf 85' lang='lat'><strong>993,</strong></span> <span class='ocrx_word' id='word_1_306' title='bbox 1424 2677 1568 2728; x_wconf 88' lang='lat' dir='ltr'><strong>aperte</strong></span> <span class='ocrx_word' id='word_1_307' title='bbox 1598 2672 1745 2714; x_wconf 85' lang='lat' dir='ltr'><strong>vitium</strong></span> <span class='ocrx_word' id='word_1_308' title='bbox 1777 2673 1920 2714; x_wconf 80' lang='lat' dir='ltr'><strong>traxit.</strong></span> <span class='ocrx_word' id='word_1_309' title='bbox 1981 2672 2084 2713; x_wconf 90' lang='lat' dir='ltr'><strong>Mihi</strong></span> <span class='ocrx_word' id='word_1_310' title='bbox 2115 2672 2282 2715; x_wconf 89' lang='lat' dir='ltr'><strong>videtur</strong></span> <span class='ocrx_word' id='word_1_311' title='bbox 2311 2673 2411 2714; x_wconf 84' lang='lat' dir='ltr'><strong>seri-</strong></span> 
     </span>
     <span class='ocr_line' id='line_1_40' title="bbox 520 2728 2414 2787; baseline -0.002 -13"><span class='ocrx_word' id='word_1_312' title='bbox 520 2731 706 2774; x_wconf 91' lang='lat' dir='ltr'><strong>bendum</strong></span> <span class='ocrx_word' id='word_1_313' title='bbox 736 2745 851 2774; x_wconf 88' lang='lat' dir='ltr'><strong>esse:</strong></span> <span class='ocrx_word' id='word_1_314' title='bbox 880 2730 937 2780; x_wconf 75' lang='grc' dir='ltr'><strong>εῖ,</strong></span> <span class='ocrx_word' id='word_1_315' title='bbox 972 2730 1122 2787; x_wconf 71' lang='lat' dir='ltr'><strong>„ibis“.</strong></span> <span class='ocrx_word' id='word_1_316' title='bbox 1180 2730 1257 2773; x_wconf 93' lang='lat' dir='ltr'><strong>Vis</strong></span> <span class='ocrx_word' id='word_1_317' title='bbox 1286 2729 1429 2785; x_wconf 85' lang='lat' dir='ltr'><strong>futuri,</strong></span> <span class='ocrx_word' id='word_1_318' title='bbox 1460 2742 1566 2784; x_wconf 92' lang='lat' dir='ltr'><strong>quae</strong></span> <span class='ocrx_word' id='word_1_319' title='bbox 1596 2728 1695 2771; x_wconf 84' lang='lat' dir='ltr'><strong>huie</strong></span> <span class='ocrx_word' id='word_1_320' title='bbox 1727 2729 1858 2771; x_wconf 88' lang='lat' dir='ltr'><strong>verbo</strong></span> <span class='ocrx_word' id='word_1_321' title='bbox 1885 2729 2025 2771; x_wconf 88' lang='lat' dir='ltr'><strong>inesse</strong></span> <span class='ocrx_word' id='word_1_322' title='bbox 2045 2730 2164 2784; x_wconf 87' lang='lat' dir='ltr'><strong>solet,</strong></span> <span class='ocrx_word' id='word_1_323' title='bbox 2194 2730 2322 2772; x_wconf 86' lang='lat' dir='ltr'><strong>etiam</strong></span> <span class='ocrx_word' id='word_1_324' title='bbox 2345 2729 2414 2770; x_wconf 91' lang='lat' dir='ltr'><strong>hic</strong></span> 
     </span>
     <span class='ocr_line' id='line_1_41' title="bbox 522 2786 2413 2844; baseline -0.002 -12"><span class='ocrx_word' id='word_1_325' title='bbox 522 2793 627 2844; x_wconf 85' lang='lat' dir='ltr'><strong>apta</strong></span> <span class='ocrx_word' id='word_1_326' title='bbox 657 2794 734 2831; x_wconf 88' lang='lat' dir='ltr'><strong>est.</strong></span> <span class='ocrx_word' id='word_1_327' title='bbox 791 2789 901 2832; x_wconf 87' lang='lat' dir='ltr'><strong>Nam</strong></span> <span class='ocrx_word' id='word_1_328' title='bbox 926 2788 1081 2842; x_wconf 87' lang='lat' dir='ltr'><strong>Meton,</strong></span> <span class='ocrx_word' id='word_1_329' title='bbox 1111 2787 1231 2843; x_wconf 82' lang='lat' dir='ltr'><strong>cujus</strong></span> <span class='ocrx_word' id='word_1_330' title='bbox 1260 2787 1394 2830; x_wconf 87' lang='lat' dir='ltr'><strong>verba</strong></span> <span class='ocrx_word' id='word_1_331' title='bbox 1423 2788 1559 2843; x_wconf 87' lang='lat' dir='ltr'><strong>prima</strong></span> <span class='ocrx_word' id='word_1_332' title='bbox 1587 2786 1948 2841; x_wconf 89' lang='lat' dir='ltr'><strong>interrumpuntur</strong></span> <span class='ocrx_word' id='word_1_333' title='bbox 1976 2800 2003 2828; x_wconf 91' lang='lat' dir='ltr'><strong>a</strong></span> <span class='ocrx_word' id='word_1_334' title='bbox 2032 2786 2287 2841; x_wconf 82' lang='lat' dir='ltr'><strong>Pithetaero,</strong></span> <span class='ocrx_word' id='word_1_335' title='bbox 2317 2800 2413 2840; x_wconf 86' lang='lat' dir='ltr'><strong>gra-</strong></span> 
     </span>
     <span class='ocr_line' id='line_1_42' title="bbox 518 2844 2411 2899; baseline -0.002 -11"><span class='ocrx_word' id='word_1_336' title='bbox 518 2846 618 2888; x_wconf 90' lang='lat' dir='ltr'><strong>dum</strong></span> <span class='ocrx_word' id='word_1_337' title='bbox 649 2845 836 2888; x_wconf 88' lang='lat' dir='ltr'><strong>nondum</strong></span> <span class='ocrx_word' id='word_1_338' title='bbox 865 2846 976 2888; x_wconf 89' lang='lat' dir='ltr'><strong>sistit</strong></span> <span class='ocrx_word' id='word_1_339' title='bbox 1006 2845 1195 2899; x_wconf 89' lang='lat' dir='ltr'><strong>omnino,</strong></span> <span class='ocrx_word' id='word_1_340' title='bbox 1236 2844 1311 2887; x_wconf 90' lang='lat' dir='ltr'><strong>sed</strong></span> <span class='ocrx_word' id='word_1_341' title='bbox 1352 2845 1520 2899; x_wconf 87' lang='lat' dir='ltr'><strong>longius</strong></span> <span class='ocrx_word' id='word_1_342' title='bbox 1547 2857 1847 2899; x_wconf 82' lang='lat' dir='ltr'><strong>progressurus</strong></span> <span class='ocrx_word' id='word_1_343' title='bbox 1878 2848 1959 2896; x_wconf 89' lang='lat' dir='ltr'><strong>est,</strong></span> <span class='ocrx_word' id='word_1_344' title='bbox 2001 2851 2046 2885; x_wconf 89' lang='lat' dir='ltr'><strong>ut</strong></span> <span class='ocrx_word' id='word_1_345' title='bbox 2075 2849 2253 2899; x_wconf 86' lang='lat' dir='ltr'><strong>apparet</strong></span> <span class='ocrx_word' id='word_1_346' title='bbox 2282 2845 2411 2885; x_wconf 88' lang='lat' dir='ltr'><strong>etiam</strong></span> 
     </span>
     <span class='ocr_line' id='line_1_43' title="bbox 519 2902 1879 2958; baseline -0.003 -13"><span class='ocrx_word' id='word_1_347' title='bbox 519 2916 573 2945; x_wconf 92' lang='lat' dir='ltr'><strong>ex</strong></span> <span class='ocrx_word' id='word_1_348' title='bbox 602 2904 759 2958; x_wconf 84' lang='lat' dir='ltr'><strong>verbis,</strong></span> <span class='ocrx_word' id='word_1_349' title='bbox 789 2903 941 2957; x_wconf 92' lang='lat' dir='ltr'><strong>quibus</strong></span> <span class='ocrx_word' id='word_1_350' title='bbox 970 2904 1042 2944; x_wconf 92' lang='lat' dir='ltr'><strong>ille</strong></span> <span class='ocrx_word' id='word_1_351' title='bbox 1071 2904 1125 2945; x_wconf 90' lang='lat' dir='ltr'><strong>ab</strong></span> <span class='ocrx_word' id='word_1_352' title='bbox 1156 2903 1236 2944; x_wconf 93' lang='lat' dir='ltr'><strong>hoc</strong></span> <span class='ocrx_word' id='word_1_353' title='bbox 1265 2902 1537 2956; x_wconf 90' lang='lat' dir='ltr'><strong>compellatur</strong></span> <span class='ocrx_word' id='word_1_354' title='bbox 1566 2902 1611 2942; x_wconf 92' lang='lat' dir='ltr'><strong>in</strong></span> <span class='ocrx_word' id='word_1_355' title='bbox 1641 2902 1712 2943; x_wconf 92' lang='lat' dir='ltr'><strong>Vs.</strong></span> <span class='ocrx_word' id='word_1_356' title='bbox 1749 2903 1879 2942; x_wconf 78' lang='lat'>1011:</span> 
     </span>
    </p>

    <p class='ocr_par' dir='ltr' id='par_1_12' title="bbox 983 2956 1901 3012">
     <span class='ocr_line' id='line_1_44' title="bbox 983 2956 1901 3012; baseline -0.002 -12"><span class='ocrx_word' id='word_1_357' title='bbox 983 2959 1111 3012; x_wconf 65' lang='lat' dir='ltr'><strong>xa&#39;pol</strong></span> <span class='ocrx_word' id='word_1_358' title='bbox 1138 2957 1376 3010; x_wconf 70' lang='grc' dir='ltr'><strong><em>πιθόμενος</em></strong></span> <span class='ocrx_word' id='word_1_359' title='bbox 1404 2957 1657 2999; x_wconf 64' lang='grc' dir='ltr'><strong><em>ὑπαποκίνει</em></strong></span> <span class='ocrx_word' id='word_1_360' title='bbox 1685 2960 1756 3010; x_wconf 80' lang='grc' dir='ltr'><strong>τῆς</strong></span> <span class='ocrx_word' id='word_1_361' title='bbox 1784 2956 1901 2999; x_wconf 80' lang='grc' dir='ltr'><strong><em>ὀδοῦ.</em></strong></span> 
     </span>
    </p>

    <p class='ocr_par' dir='ltr' id='par_1_13' title="bbox 522 3013 2415 3186">
     <span class='ocr_line' id='line_1_45' title="bbox 635 3013 2413 3074; baseline -0.002 -15"><span class='ocrx_word' id='word_1_362' title='bbox 635 3017 717 3060; x_wconf 90' lang='lat' dir='ltr'><strong>Pro</strong></span> <span class='ocrx_word' id='word_1_363' title='bbox 748 3016 1013 3074; x_wconf 64' lang='grc' dir='ltr'><strong><em>βουλήματος</em></strong></span> <span class='ocrx_word' id='word_1_364' title='bbox 1042 3016 1255 3072; x_wconf 84' lang='lat' dir='ltr'><strong>Bergkius</strong></span> <span class='ocrx_word' id='word_1_365' title='bbox 1286 3016 1471 3071; x_wconf 86' lang='lat' dir='ltr'><strong>scripsit:</strong></span> <span class='ocrx_word' id='word_1_366' title='bbox 1499 3014 1793 3068; x_wconf 78' lang='grc' dir='ltr'><strong><em>βουλεύματος,</em></strong></span> <span class='ocrx_word' id='word_1_367' title='bbox 1825 3013 1936 3069; x_wconf 91' lang='lat' dir='ltr'><strong>quod</strong></span> <span class='ocrx_word' id='word_1_368' title='bbox 1969 3018 2216 3070; x_wconf 90' lang='lat' dir='ltr'><strong>receperunt</strong></span> <span class='ocrx_word' id='word_1_369' title='bbox 2231 3013 2413 3057; x_wconf 89' lang='lat' dir='ltr'><strong>Dindor-</strong></span> 
     </span>
     <span class='ocr_line' id='line_1_46' title="bbox 522 3072 1863 3130; baseline -0.004 -12"><span class='ocrx_word' id='word_1_370' title='bbox 522 3075 616 3130; x_wconf 89' lang='lat' dir='ltr'><strong>fius,</strong></span> <span class='ocrx_word' id='word_1_371' title='bbox 646 3074 899 3128; x_wconf 87' lang='lat' dir='ltr'><strong>Meinekius‚</strong></span> <span class='ocrx_word' id='word_1_372' title='bbox 929 3075 1134 3130; x_wconf 86' lang='lat' dir='ltr'><strong>Kockius,</strong></span> <span class='ocrx_word' id='word_1_373' title='bbox 1163 3073 1431 3129; x_wconf 85' lang='lat' dir='ltr'><strong>Blaydesius.</strong></span> <span class='ocrx_word' id='word_1_374' title='bbox 1488 3072 1614 3114; x_wconf 91' lang='lat' dir='ltr'><strong>Haud</strong></span> <span class='ocrx_word' id='word_1_375' title='bbox 1644 3073 1863 3127; x_wconf 88' lang='lat' dir='ltr'><strong>astipulor.</strong></span> 
     </span>
     <span class='ocr_line' id='line_1_47' title="bbox 635 3128 2415 3186; baseline -0.002 -11"><span class='ocrx_word' id='word_1_376' title='bbox 635 3132 811 3175; x_wconf 90' lang='lat' dir='ltr'><strong>Versum</strong></span> <span class='ocrx_word' id='word_1_377' title='bbox 842 3132 928 3175; x_wconf 87' lang='grc'><strong>994</strong></span> <span class='ocrx_word' id='word_1_378' title='bbox 957 3133 1148 3176; x_wconf 88' lang='lat' dir='ltr'><strong>Kockius</strong></span> <span class='ocrx_word' id='word_1_379' title='bbox 1179 3136 1220 3174; x_wconf 88' lang='lat' dir='ltr'><strong>et</strong></span> <span class='ocrx_word' id='word_1_380' title='bbox 1252 3130 1504 3186; x_wconf 85' lang='lat' dir='ltr'><strong>Blaydesius</strong></span> <span class='ocrx_word' id='word_1_381' title='bbox 1535 3144 1575 3185; x_wconf 91' lang='lat' dir='ltr'><strong>p.</strong></span> <span class='ocrx_word' id='word_1_382' title='bbox 1609 3130 1694 3171; x_wconf 87' lang='lat'><strong>344</strong></span> <span class='ocrx_word' id='word_1_383' title='bbox 1725 3128 1962 3170; x_wconf 90' lang='lat' dir='ltr'><strong>imitatione</strong></span> <span class='ocrx_word' id='word_1_384' title='bbox 1994 3141 2243 3184; x_wconf 89' lang='lat' dir='ltr'><strong>expressum</strong></span> <span class='ocrx_word' id='word_1_385' title='bbox 2274 3142 2367 3172; x_wconf 89' lang='lat' dir='ltr'><strong>esse</strong></span> <span class='ocrx_word' id='word_1_386' title='bbox 2388 3143 2415 3171; x_wconf 91' lang='lat' dir='ltr'><strong>a</strong></span> 
     </span>
    </p>
   </div>
  </div>
 </body>
</html>
