2898 3805
1425 359 1454 403 8

496 488 620 530 quem
659 474 799 518 locum
838 474 1012 531 respicit
1039 474 1202 518 Plinius
1231 476 1330 519 Nat.
1370 475 1466 518 hist.
1494 475 1590 530 VII,
1624 475 1726 519 153.
1774 473 2030 532 „Hesiodus,
2074 474 2290 531 fabulose,
2333 481 2379 520 ut

490 545 599 585 reor,
628 532 764 575 multa
792 532 846 575 de
876 532 1091 576 hominum
1120 544 1229 575 aevo
1259 532 1446 575 referens
1475 533 1632 575 cornici
1662 545 1815 576 novem
1845 537 2011 576 nostras
2039 532 2233 576 attribuit
2260 538 2378 576 aeta·

492 589 601 634 tes“.
658 589 747 634 cfr.
776 590 904 634 etiam
932 591 1052 633 Arat.
1080 589 1267 633 Diosem.
1296 589 1371 632 Vs.
1400 590 1535 645 1022,
1575 589 1646 632 ubi
1677 591 1843 644 κορωνη
1872 603 1900 632 a
1932 589 2113 645 pellatur
2140 588 2377 645 ἒννεᾰγηρα

486 647 557 691 vel
599 647 742 704 potius
785 647 1033 700 ἕννεάνειρα
1076 646 1282 700 (Lobeck.
1313 646 1370 690 ad
1399 646 1623 702 Phrynich.
1653 660 1693 702 p.
1722 647 1829 701 538,
1858 603 1980 702 aisn„
2016 652 2058 691 et
2086 648 2273 703 Paralip.
2303 647 2377 692 Gr.

488 705 620 760 Gr.p
626 705 782 758 ..214)
838 705 994 748 Parum
1023 705 1243 760 probabile
1273 709 1348 758 est,
1379 703 1707 759 Aristophanem
1736 708 1925 746 secutum
1954 717 2048 748 esse
2077 710 2292 748 auctorem
2318 705 2374 747 ab

489 762 678 805 Hesiodo
709 761 942 811 diversum3
971 762 1109 804 minus
1139 762 1267 804 etiam
1297 760 1342 803 id
1355 794 1366 815 ,
1410 761 1520 815 quod
1546 766 1784 804 statuerunt
1814 761 2003 804 homines
2033 761 2167 816 docti,
2206 767 2374 817 poetam

489 820 691 862 comicum
719 819 841 861 metri
869 818 1121 862 necessitate
1150 824 1340 861 coactum
1371 819 1600 861 mutavisse
1629 831 1846 861 numerum
1868 822 2056 862 aetatum
2078 823 2154 862 aut
2172 819 2375 863 memoria

488 889 582 920 esse
610 876 787 931 lapsum.
844 875 1041 919 Dubitari
1056 876 1216 929 nequit,
1245 875 1347 929 quin
1377 887 1430 918 ne
1459 887 1512 918 ea
1535 875 1703 930 quidem
1724 875 1866 931 verba,
1897 887 2007 930 quae
2027 875 2259 920 secundum
2277 888 2374 920 con·

483 933 692 989 jecturam
732 931 941 989 Bentleji,
983 932 1192 975 communi
1233 933 1384 988 plausu
1426 937 1666 988 acceptam,
1708 945 1838 989 supra
1874 931 2092 976 reddenda
2119 933 2360 976 curavimus

491 990 719 1046 genuinam
749 994 902 1046 poetae
931 1003 1102 1033 manum
1133 989 1372 1032 exhibeant.
1429 989 1507 1032 Vel
1536 990 1597 1032 sic
1616 994 1758 1032 tamen
1776 990 1882 1033 haec
1899 991 2073 1047 propius
2092 991 2301 1034 accedunt
2315 965 2373 1034 ad

489 1048 550 1101 id,
578 1048 689 1102 quod
720 1052 848 1103 poeta
877 1047 1068 1101 dederat,
1097 1061 1223 1101 quam
1251 1047 1452 1088 librorum
1467 1047 1686 1100 scriptura,
1717 1061 1827 1101 qnae
1847 1047 1954 1091 haec
1972 1053 2058 1091 est:
2087 1050 2208 1089 πέντε
2228 1050 2373 1097 γενεὰς

489 1103 676 1158 ἅνδρόν.
735 1103 1011 1149 Scribendum
1041 1118 1253 1160 propono:
1291 1101 1367 1147 οὐκ
1397 1102 1511 1144 οἶσθ’
1540 1103 1602 1145 ὅτι
1629 1103 1929 1159 ἔννανδρον
1955 1106 2149 1156 γενεὰν
2177 1104 2209 1154 ζ.
2241 1103 2279 1148 λ.
2308 1120 2371 1159 ιι,

487 1162 673 1205 Verbum
693 1161 924 1215 ἔννανδρος
946 1166 1204 1217 quantopere
1221 1161 1473 1216 respondeat
1501 1161 1631 1204 verbo
1658 1161 1905 1215 ἐννεᾰνειρα
1929 1163 1986 1206 ab
2006 1164 2137 1206 Arato
2157 1168 2370 1219 usurpato,

485 1220 530 1264 in
559 1219 704 1264 oculos
733 1220 917 1264 incurrit.

1279 1276 1351 1317 Vs.
1381 1277 1459 1317 641
1494 1289 1578 1330 sq.:

941 1331 1142 1374 εἰσέλθετ’
1170 1332 1230 1380 εἷς
1257 1331 1443 1373 νεοττιάν
1470 1347 1515 1381 γε
1544 1335 1618 1387 τὴν
1647 1331 1752 1387 ἐμὴν

941 1392 1013 1431 καὶ
1040 1388 1151 1443 τᾶμά
1183 1390 1327 1444 ια’ρφη
1357 1391 1427 1430 καὶ
1455 1389 1504 1430 τὰ
1538 1391 1731 1443 παρόντα
1763 1389 1975 1444 φρύγανα,

486 1447 612 1492 Haud
650 1447 860 1503 astipulor
899 1447 1068 1491 Kockio
1112 1446 1166 1490 de
1205 1459 1329 1490 versu
1360 1447 1444 1489 642
1489 1447 1596 1490 haec
1638 1447 1885 1490 annotanti:
1933 1447 2039 1503 „Mir
2085 1447 2250 1491 scheint
2292 1446 2368 1490 der

487 1506 595 1548 Vers
623 1517 701 1547 aus
731 1504 869 1546 einem
899 1504 1088 1547 anderen
1117 1504 1330 1559 Lustspiel
1358 1517 1440 1545 von
1471 1505 1589 1545 einer
1612 1504 1896 1559 passenderen
1916 1480 2048 1547 Sntene
2067 1504 2234 1547 hier-her
2249 1505 2366 1546 uber·

487 1568 638 1618 tragen
669 1575 722 1603 zu
751 1561 866 1604 sein·
896 1575 943 1605 er
970 1561 1078 1604 ifisst
1106 1561 1197 1603 sich
1226 1561 1336 1603 ohne
1354 1560 1562 1615 Schaden,
1592 1560 1797 1604 vielmehr
1815 1574 1908 1604 zum
1928 1561 2108 1605 Gewinn
2128 1561 2204 1604 des
2218 1561 2367 1605 Satzes

484 1618 807 1663 ausscheiden“.
887 1618 955 1662 Ad
1001 1618 1125 1662 nidos
1177 1617 1479 1661 construendos
1531 1631 1634 1661 aves
1678 1622 1850 1662 utuntur
1904 1618 2129 1661 sarmentis
2170 1617 2366 1674 foliisque

489 1676 634 1720 aridis.
692 1675 867 1731 Verbis,
908 1675 963 1718 de
992 1676 1143 1731 quibus
1172 1689 1310 1718 sermo
1340 1680 1426 1728 est,
1466 1674 1753 1730 significatur,
1783 1675 1911 1717 etiam
1940 1675 2102 1743 Epopis
2129 1675 2276 1718 nidum
2304 1676 2366 1719 sic

487 1748 582 1779 esse
613 1737 910 1777 constructum.
967 1733 1191 1777 Adduntur
1219 1737 1361 1776 autem
1393 1732 1497 1775 haec
1527 1732 1659 1776 verba
1687 1732 1745 1775 ab
1774 1733 1934 1789 Epope,
1976 1746 2031 1777 ne
2060 1733 2236 1776 nimium
2265 1732 2367 1789 quid

489 1796 736 1849 exspectent
765 1791 967 1848 hospites,
995 1796 1123 1846 atque
1152 1795 1199 1833 ut
1226 1794 1401 1833 excuset
1430 1789 1734 1834 habitationem
1762 1790 1902 1846 vilem,
1929 1795 1977 1834 ut
2004 1790 2142 1834 solent
2175 1803 2306 1846 agere
2333 1791 2366 1834 ii

484 1850 557 1905 qui
596 1850 792 1892 invitant.
849 1848 1046 1892 Ceterum
1085 1848 1255 1891 offendo
1293 1848 1339 1889 in
1376 1848 1505 1890 verbo
1545 1848 1751 1902 παρόντα.
1807 1848 1961 1891 Nescio
2000 1862 2057 1890 an
2097 1849 2238 1904 potius
2266 1849 2366 1891 scri·

488 1910 608 1964 ptum
637 1905 770 1950 fuisse
799 1904 961 1951 dicam:
991 1908 1062 1947 aaz
1081 1905 1363 1975 ῃαροπτέα
1385 1907 1598 1958 φρύγανα.
1657 1904 1837 1948 Verbum
1859 1907 2092 1960 παροπτέα,
2126 1910 2366 1950 construen-

487 1964 587 2009 dum
615 1963 723 2008 illud
752 1963 879 2007 etiam
908 1977 1003 2009 cum
1034 1976 1202 2019 namq,
1242 1961 1485 2063 signififfig
1513 1965 1671 2019 potest:
1711 1963 1761 2006 in
1789 1963 1937 2018 quibus
1964 1964 2267 2008 connivendum
2295 1968 2367 2007 est.

1294 2020 1365 2062 Vs.
1507 2032 1569 2074 sq.

598 2080 868 2123 Pithetaerus
897 2078 1001 2120 dicit
1030 2077 1260 2120 secundum
1290 2077 1420 2120 libros
1449 2082 1654 2132 mscrptos

941 2134 1023 2185 ἐγω
1054 2135 1094 2175 δ’
1123 2138 1196 2175 ἵνα
1224 2133 1347 2177 θύσω
1375 2141 1478 2175 τοῖσι
1508 2141 1716 2175 καινοῖσιν
1745 2136 1878 2184 θεοτς,

941 2192 1014 2233 τὸν
1043 2191 1158 2245 ιερέα
1187 2194 1415 2245 πέμψοντα
1446 2190 1520 2245 τὴν
1549 2192 1723 2245 πομπὴν
1753 2190 1884 2232 καλῶ.

482 2251 660 2294 Dubitet
689 2250 843 2304 aliquis
872 2263 929 2292 an
944 2262 1050 2319 prod
1069 2251 1190 2292 θύσω
1219 2248 1486 2291 scribendum
1515 2250 1570 2291 sit
1590 2250 1748 2304 θύσῃ,
1777 2248 1932 2290 collato
1947 2260 2070 2290 versu
2092 2248 2162 2303 qui
2179 2252 2243 2290 est
2257 2249 2362 2291 862:

943 2303 1066 2358 ἱερεῦ,
1097 2308 1172 2346 σόν
1199 2306 1335 2372 ἔργον,
1367 2307 1448 2347 θῦε
1477 2312 1561 2352 τοῖς
1590 2311 1752 2353 καινοῖς
1780 2307 1913 2352 θεοῖς.

488 2364 603 2407 Nihil
633 2363 775 2418 refert,
805 2362 918 2418 quod
946 2363 1214 2405 Pithetaerus
1243 2363 1287 2404 in
1316 2361 1389 2404 Vs.
1418 2362 1502 2404 922
1532 2362 1586 2405 de
1614 2365 1748 2405 semet
1775 2361 1868 2418 ipso
1898 2361 2082 2415 loquitur
2110 2361 2176 2404 his
2204 2362 2363 2405 verbis:

939 2419 1017 2462 οὐκ
1045 2421 1139 2472 ἄρτι
1170 2422 1271 2461 θύω
1300 2418 1376 2474 τὴν
1404 2418 1580 2473 δεκάτην
1609 2433 1759 2473 ταυτης
1786 2419 1881 2469 ἐγώ,

481 2493 581 2523 nam
594 2493 721 2535 quum
743 2479 848 2522 haec
868 2478 997 2521 verba
1014 2477 1130 2533 facit,
1151 2490 1301 2521 revera
1316 2477 1452 2519 locum
1470 2477 1703 2521 sacerdotis
1724 2477 1865 2520 abacti
1886 2473 1982 2533 (cfr.
1990 2474 2062 2517 Vs.
2077 2476 2179 2531 893)
2190 2476 2362 2520 obtinet.

1277 2534 1350 2577 Vs.
1380 2535 1459 2577 851
1492 2547 1553 2590 sq.

1318 2594 1363 2632 X
1365 2593 1528 2632 ΟΡΟΣ

998 2648 1243 2704 ὁμορῤοθῶ,
1273 2647 1484 2698 συνθέλω,

996 2707 1342 2760 συμπαραινέσας
1370 2705 1450 2757 ἔχω

995 2763 1203 2817 προςόδια
1231 2762 1400 2815 μεγάλα

995 2821 1125 2874 σεμνὰ
1156 2822 1373 2874 προςιέναι
1403 2821 1588 2859 θεοῖσιν·

998 2879 1090 2932 ἅμα
1119 2877 1167 2919 δὲ
1196 2879 1362 2933 προςέτι
1391 2879 1559 2930 χάριτος
1587 2877 1709 2917 ἕνεκα

995 2936 1226 2989 προβάτιόν
1253 2951 1290 2976 τι
1321 2933 1458 2977 θύειν.

996 2995 1082 3043 ἴτω,
1112 2995 1198 3042 ἴτω,
1227 3008 1298 3034 tw
1329 2991 1377 3033 δὲ
1407 2990 1583 3037 Πυθιὰς
1609 2988 1718 3040 βοά·

995 3050 1208 3103 συνᾳδέτω
1239 3049 1286 3091 δὲ
1315 3052 1468 3103 Χαῒρις
1498 3045 1633 3103 ᾠδαν.
