2898 3805
1440 393 1500 451 ,17

529 507 780 550 mutandum
794 520 889 550 esse
911 507 958 549 in
987 504 1128 558 χῦλό
1137 520 1176 557 ν,
1211 510 1276 562 „et
1288 506 1534 548 silvarum“.
1594 506 1753 549 Postea
1773 507 1876 561 vidi,
1899 508 2093 551 similiter
2110 511 2309 553 statuisse
2323 510 2426 553 Mei-

528 563 706 608 nekium
725 564 752 607 l.
773 576 808 607 c.
832 578 873 621 p.
892 564 988 619 108,
1016 562 1146 607 scribi
1174 574 1300 619 posse
1319 567 1481 606 ratum:
1508 562 1622 605 ὑλῶν
1640 562 1674 604 τ’
1695 563 1744 604 ἐν
1763 562 1938 613 κόλποις
1958 567 2080 607 ναίω.
2136 568 2193 610 At
2211 581 2309 612 mea
2328 581 2427 611 con·

520 621 694 678 jactura
721 621 890 665 facilior
917 626 984 666 est
1012 625 1055 665 et
1082 620 1256 677 propius
1285 619 1452 664 accedit
1471 620 1527 663 ad
1548 621 1799 677 scripturam
1819 620 1979 665 codicis
2013 622 2204 667 Ravenn.
2224 625 2424 680 plurimo·

528 691 704 735 rumque
751 678 932 723 aliorum
960 678 1164 722 librorum
1194 684 1485 734 mscrptorum,
1513 676 1688 731 φύλλων
1717 678 1893 727 κόλποις
1923 678 2081 720 §novata
2119 682 2424 737 praebentium.

1323 735 1394 779 Vs.
1429 735 1538 778 1133
1568 748 1632 790 sq.

1300 793 1572 833 ΑΓΓΕΛΟΣ
1597 795 1654 834 A.

989 849 1178 902 ὄρνιθες,
1208 847 1346 897 οὐδεὶς
1375 848 1518 898 ἄλλος,
1549 847 1627 890 οὐκ
1656 848 1890 899 Αἰγύπτιος

989 905 1303 960 πλινθοφόρος,
1336 904 1390 948 οὔ
1419 904 1659 960 λιθουργός,
1690 905 1743 950 οὐ
1769 908 1922 948 τέκτων
1950 908 2108 962 παρῆν.

648 964 835 1006 Verbum
864 963 1166 1018 πλινθοφόρος
1193 964 1260 1005 vel
1288 963 1396 1006 ideo‘
1415 969 1654 1019 corruptum
1683 963 1926 1007 habendum
1956 969 2033 1018 est,
2061 965 2175 1018 quod
2206 978 2290 1009 non
2318 969 2424 1012 satis

530 1020 759 1076 respondet
787 1021 929 1064 verbis
959 1019 1188 1072 λιθουργός
1215 1026 1258 1064 et
1287 1022 1451 1062 τέκτων.
1507 1023 1706 1063 Attamen
1741 1033 1878 1074 neque
1915 1020 2256 1077 ππλινθουλιιόςιι
2288 1038 2423 1080 neque

532 1076 875 1134 „nhr30v0769“
920 1076 1216 1121 commendare
1252 1091 1447 1133 possum,
1491 1091 1745 1132 quamquam
1787 1078 1933 1132 paullo
1976 1077 2091 1121 infra
2119 1079 2164 1122 in
2194 1080 2266 1123 Vs.
2298 1083 2425 1137 1139,

529 1135 604 1176 ubi
633 1135 802 1177 nonnisi
832 1135 886 1176 de
921 1135 1128 1177 lateribus
1161 1135 1298 1177 ductis
1329 1146 1469 1178 sermo
1501 1139 1588 1190 est,
1629 1134 1807 1177 verbum
1856 1133 2231 1189 ἐπλινθοφόρουν,
2276 1144 2423 1194 aperte

532 1192 746 1245 vitiosum,
776 1204 831 1233 ex
860 1191 1182 1242 πλινθοιῖργουν
1210 1192 1376 1233 videtur
1403 1196 1643 1244 corruptum
1673 1205 1782 1232 esse.
1839 1191 1973 1232 Immo
2015 1205 2115 1232 vero
2155 1193 2420 1236 desideratur

533 1246 722 1302 verbnm,
752 1245 872 1303 cujus
891 1246 1205 1302 significatione
1220 1247 1361 1291 omnia
1384 1260 1516 1302 opera
1530 1246 1735 1291 lateraria
1749 1247 1989 1290 summatim
2005 1248 2424 1303 comprehendantur.

534 1304 685 1361 Itaque
719 1305 961 1350 etiamnunc
990 1304 1137 1362 probo,
1166 1304 1278 1361 quod
1303 1304 1395 1362 jam
1424 1303 1520 1350 olim
1562 1304 1787 1362 proposui:
1834 1302 2208 1363 „nh780u690‹;“,
2248 1309 2425 1353 verbum

531 1375 638 1405 sane
656 1363 754 1405 aliis
779 1363 885 1405 locis
914 1376 1000 1405 non
1029 1364 1201 1406 obvium
1231 1369 1274 1406 et
1302 1363 1448 1406 forsan
1477 1363 1529 1405 ab
1558 1364 1652 1420 ipso
1682 1367 1811 1420 poeta
1840 1362 1984 1405 fictum
2012 1363 2070 1406 ad
2099 1364 2425 1420 significandum

531 1434 624 1463 eum
652 1422 726 1474 qui
754 1420 955 1463 lateribus
985 1422 1251 1474 conficiendis
1280 1422 1468 1463 interest.

652 1477 834 1520 Omnino
876 1491 1028 1520 munus
1067 1479 1222 1520 lateres
1263 1477 1537 1534 apportandi,
1578 1477 1616 1519 si
1646 1477 1692 1518 hi
1722 1490 1805 1519 non
1837 1489 1891 1518 ex
1937 1477 2030 1519 loco
2070 1478 2197 1533 longe
2242 1479 2426 1524 distante

535 1534 708 1589 petendi
738 1538 849 1589 sunt,
878 1534 924 1577 id
954 1534 1068 1588 quod
1097 1536 1142 1577 in
1171 1535 1253 1577 hac
1273 1549 1404 1578 causa
1424 1534 1671 1577 sumendum
1692 1547 1776 1576 non
1798 1538 1875 1586 est,
1904 1539 1993 1576 tam
2012 1535 2119 1577 levis
2133 1542 2199 1578 est
2213 1539 2426 1592 momenti,

536 1595 581 1635 ut
610 1605 691 1647 ego
723 1591 839 1635 haud
870 1592 1069 1647 mirarer,
1106 1592 1144 1635 si
1173 1593 1343 1636 omnino
1382 1606 1467 1635 non
1496 1596 1607 1634 esset
1646 1595 2016 1634 commemoratum
2053 1606 2254 1648 expresso
2285 1595 2426 1649 verbo,

535 1648 580 1690 id
610 1649 723 1704 quod
753 1650 912 1692 factum
942 1661 1037 1693 esse
1065 1649 1283 1705 videmus,
1326 1650 1363 1693 si
1394 1649 1622 1704 genuinum
1653 1653 1717 1692 est
1747 1649 1922 1692 verbum
1959 1648 2336 1705 ἐπλινθοφόρουν,
2382 1652 2427 1694 in

534 1706 640 1760 loco,
670 1707 742 1761 qui
773 1711 838 1749 est
866 1707 939 1749 Vs.
972 1707 1084 1749 1148
1113 1719 1202 1760 sq.:

1308 1762 1389 1802 AF
1384 1762 1424 1802 Γ
1418 1762 1576 1802 ΕΛΟΣ
1600 1766 1655 1801 A.

992 1822 1064 1860 καὶ
1093 1821 1142 1874 νὴ
1173 1819 1239 1861 Δί’
1269 1816 1317 1860 αἲ
1344 1819 1487 1872 νῆτταί
1514 1833 1558 1868 γε
1587 1817 1913 1870 περιεζωσμέναι

993 1876 1366 1930 ἐπλινθοφόρουν·
1397 1875 1489 1916 ἅνω
1519 1876 1565 1915 δὲ
1594 1873 1667 1915 τὸν
1696 1873 1927 1926 ὑπαγωγέα

993 1934 1176 1975 ἐπέτοντ’
1205 1934 1375 1985 ἔχουσαι
1402 1931 1592 1979 κατόπιν,
1623 1931 1760 1985 ὥςπερ
1790 1931 1960 1979 παιδία,

994 1993 1066 2030 τόν
1097 1990 1234 2045 πηλὸν
1262 1989 1310 2030 ἐν
1338 1995 1425 2035 τοῖς
1453 1987 1651 2038 στόμασιν
1680 1985 1727 2028 αἱ
1755 1987 1981 2039 χελιδόνες.

542 2045 600 2088 At
630 2058 710 2101 ego
741 2060 818 2103 pro
847 2046 1202 2103 ἐπλινθοφόρουν
1230 2047 1433 2102 scriptum
1463 2045 1592 2089 fuisse
1622 2046 1836 2090 existimo:
1873 2044 2288 2100 ἐπλινθύφουν.
2346 2047 2430 2089 Ad-

538 2102 744 2159 jectivum
775 2103 1027 2159 πλινθυᾳὴς
1056 2118 1109 2148 ex
1140 2104 1342 2160 Aeschyli
1370 2103 1580 2147 Prometh.
1609 2102 1746 2146 Vinct.
1773 2103 1861 2146 450
1889 2107 2035 2146 notum
2066 2107 2155 2158 est,
2200 2103 2273 2146 ubi
2317 2116 2431 2147 usur·

543 2166 692 2215 patum
735 2167 800 2203 est
829 2162 883 2203 de
924 2163 1105 2204 aedibus
1148 2163 1357 2205 contextis
1398 2174 1453 2203 ex
1481 2161 1696 2202 lateribus.
1755 2161 1860 2202 Inde
1889 2161 2128 2202 derivatum
2158 2173 2251 2202 esse
2280 2174 2432 2204 censeo

541 2217 717 2261 verbum
748 2219 934 2263 activum
974 2218 1259 2274 πλινθυφετν,
1305 2218 1418 2273 quod
1461 2217 1699 2272 significare
1743 2222 1902 2273 potest:
1945 2217 2096 2260 lateres
2125 2222 2281 2273 texere,
2323 2219 2362 2260 h.
2393 2233 2430 2261 c.

543 2288 800 2332 componere
845 2281 888 2318 et
923 2276 1126 2332 jungere,
1175 2276 1287 2332 quod
1329 2276 1377 2318 fit
1415 2276 1459 2318 in
1490 2275 1753 2318 exstruendis
1802 2276 2023 2318 moenibus
2070 2275 2286 2318 latericiis.
2348 2276 2431 2319 Ita-

539 2346 621 2387 que
653 2333 956 2388 ἐπλινθύᾳουν
976 2335 1155 2390 praebet
1182 2335 1438 2378 mentionem
1468 2346 1677 2376 murorum
1707 2332 2031 2387 aedificationis,
2059 2345 2200 2388 quam,
2230 2339 2275 2375 ut
2293 2333 2433 2377 adhuc

543 2390 766 2443 legebatur
796 2391 864 2432 bic
895 2392 1035 2446 locus,
1077 2392 1135 2433 ab
1163 2391 1451 2446 Aristophane
1490 2391 1658 2433 omnino
1692 2404 1778 2432 non
1807 2403 1901 2432 esse
1930 2390 2107 2444 factam,
2147 2395 2237 2431 tam
2267 2397 2331 2432 est
2359 2392 2435 2433 mi-

543 2459 648 2501 rum,
680 2452 727 2489 ut
755 2447 1010 2502 Meinekius,
1041 2448 1300 2503 Dindorfius,
1328 2447 1522 2491 Kockius
1551 2461 1627 2490 suo
1651 2446 1749 2502 jure
1778 2447 1822 2489 in
1852 2447 1923 2490 Vs.
1956 2447 2068 2489 1050
2107 2447 2217 2489 inter
2255 2447 2434 2488 κατόπιν

541 2508 583 2547 et
619 2503 760 2556 ὥσπερ
789 2504 1000 2548 excidisse
1030 2505 1234 2549 nonnulla
1264 2505 1395 2549 verba
1424 2504 1659 2548 statuerint.
1716 2503 1912 2558 Accedit,
1956 2503 2068 2558 quod
2098 2504 2226 2548 etiam
2258 2505 2433 2548 verbum

544 2562 872 2615 περιεζωσμέναι
911 2564 1050 2617 magis
1088 2563 1145 2605 ad
1176 2564 1350 2618 opifices
1386 2575 1511 2616 quam
1541 2561 1599 2605 ad
1628 2561 1795 2616 baJulos
1834 2566 1978 2617 aptum
2009 2564 2084 2604 est.
2142 2560 2341 2604 Ceterum
2372 2575 2434 2604 re·

540 2618 738 2674 spicienti
767 2618 869 2661 mihi
895 2621 1029 2663 verba
1061 2624 1274 2675 postrema
1302 2619 1360 2663 ad
1390 2619 1635 2663 hirundines
1664 2620 1901 2674 spectantia
1922 2619 2095 2661 dubium
2118 2631 2202 2662 non
2224 2625 2301 2672 est,
2329 2621 2431 2674 quin

542 2680 694 2718 anates
738 2677 867 2718 etiam
912 2682 1162 2733 apportasse
1203 2678 1359 2721 lateres
1397 2677 1624 2732 fingantur.
1680 2679 1738 2718 At
1767 2676 1871 2719 haec
1901 2689 2031 2732 opera
2060 2680 2125 2718 est
2152 2676 2433 2731 secundaria3

546 2739 700 2775 contra
730 2734 971 2778 aedificatio
1001 2749 1212 2778 murorum
1242 2735 1459 2790 negotium
1488 2734 1734 2791 principale,
1774 2733 1886 2788 quod
1916 2746 2115 2789 expresso
2145 2735 2275 2776 verbo
2304 2736 2435 2788 signi-

546 2789 667 2832 ficari
698 2790 897 2834 debebat.
955 2793 1002 2835 Si
1033 2793 1127 2847 quis
1155 2798 1343 2848 quaerat,
1373 2805 1448 2834 cur
1477 2792 1675 2835 anatibus
1692 2791 1928 2833 ascribatur
1946 2791 2188 2833 aedificatio
2210 2804 2436 2846 murorum,

544 2848 752 2891 rationem
799 2855 958 2893 certam
1001 2850 1154 2893 afferre
1184 2864 1268 2893 non
1298 2863 1481 2905 possum.
1538 2850 1597 2891 At
1624 2848 1769 2891 licebit
1796 2860 2019 2901 quaerere,
2063 2862 2161 2890 num
2192 2848 2353 2891 sactum
2383 2851 2440 2892 sit

546 2909 784 2961 propterea,
813 2906 928 2960 quod
959 2907 1132 2950 verbum
1162 2911 1285 2962 νῆπα
1315 2907 1502 2961 aliquam
1531 2905 1845 2949 similitudinem
1878 2905 2005 2947 habet
2033 2918 2127 2948 cum
2148 2906 2279 2949 verbo
2300 2909 2439 2961 νῆσαι,

546 2975 630 3016 quo
661 2963 818 3006 Graeci
848 2964 1078 3008 utebantur
1105 2965 1150 3008 in
1181 2964 1462 3008 locutionibus
1492 2963 1646 3016 πυράν,
1676 2962 1796 3013 ξύλα,
1826 2963 1972 3015 βωμὸν
2002 2966 2126 3017 νῆσαι
2148 2964 2235 3016 (vel
2258 2964 2441 3019 νηῆσαι).

548 3020 742 3070 Quadrat
771 3020 877 3064 haec
916 3023 1130 3065 sententia
1175 3026 1372 3077 (quacum
1417 3021 1598 3065 conferri
1636 3025 1775 3076 potest
1817 3020 1927 3075 quod
1959 3019 2208 3074 πελαργοῖς,
2253 3022 2443 3076 ciconiis,

544 3080 588 3119 in
620 3078 690 3120 Vs.
710 3079 822 3122 1139
852 3079 1030 3123 laterum
1061 3080 1202 3124 ductio
1232 3081 1457 3124 ascribitur
1486 3083 1654 3135 propter
1686 3083 1829 3121 notum
1860 3077 1964 3120 illud
1995 3085 2127 3130 τεῖχος
2148 3079 2438 3135 Πελαργικόν)

2051 3148 2078 3191 3
