2898 3805
1411 405 1468 462 19

496 527 609 569 hunc
651 527 1048 569 commemorantem
1078 523 1262 577 fecerat,
1291 521 1393 576 quid
1421 526 1593 564 acturus
1622 526 1748 575 esset,
1778 523 1814 564 si
1842 523 2048 576 Juppiter
2081 524 2220 567 denuo
2249 524 2390 579 ipsum

495 582 726 626 affectui-us
754 585 868 624 esset
895 579 1103 624 molestia.
1160 579 1276 635 Ergo
1316 578 1584 622 scribendum
1614 578 1800 622 videtur:
1845 578 1913 621 αὖ
1942 580 1980 620 δ’
2008 582 2049 622 εἴ
2073 596 2126 633 με
2155 580 2330 635 λυπήσει
2352 595 2390 622 α

497 639 594 694 (cfr.
624 639 803 695 Lysistr.
828 638 901 682 Vs.
930 638 1036 693 656)
1064 636 1135 681 vel
1164 636 1340 691 λυπήσει
1368 637 1416 678 ’τι
1445 636 1502 690 (h.
1531 650 1570 680 c.
1600 636 1691 691 ἔτι),
1719 649 1830 692 quae
1860 638 1989 681 etiam
2019 638 2186 682 facilior
2213 638 2390 682 mutatio

496 704 562 740 est
577 729 590 751 ,
619 701 801 751 apparet
827 696 954 749 enim,
983 707 1111 749 quam
1142 694 1269 737 facile
1286 707 1340 736 ex
1371 718 1425 725 —
1456 691 1665 747 ΟΕΙΕΤΙ
1688 695 1807 736 nasci
1843 696 2032 749 potuerit
2059 719 2115 727 —-
2149 694 2390 749 ΟΕΙΟΤῙ).

498 752 643 796 Verba
682 765 793 808 quac
837 757 1069 807 sequuntur
1111 750 1224 806 q'uod
1252 749 1446 794 Kockius
1486 763 1593 794 sana
1628 763 1723 794 esse
1751 751 1937 806 censuit,
1979 755 2204 808 postquam
2233 752 2390 794 Meine-

496 811 597 854 kius
619 809 719 866 jure
748 822 802 852 ea
830 810 877 852 in
904 809 1189 866 suspicionem
1216 807 1419 861 adduxit,
1467 807 1618 851 mirum
1659 812 1747 863 est,
1788 821 2046 863 quamquam
2085 811 2225 864 magis
2261 809 2390 852 etiam

497 866 695 911 miranda
740 871 862 922 sunt,
903 879 1014 922 quae
1053 865 1293 909 Meinekius
1333 865 1387 907 de
1431 865 1523 908 loco
1559 865 1827 909 emendando
1869 866 2209 922 explicandoque
2249 872 2390 922 protu-

500 925 562 968 lit.
619 924 767 979 Neque
809 923 943 980 pluris
984 922 1184 967 facienda
1223 926 1323 966 sunt
1350 934 1462 976 quae
1497 921 1664 965 addidit
1693 921 1948 977 Blaydesius
2020 925 2085 967 Ne
2114 925 2269 967 multus
2297 924 2390 978 sim,

499 982 607 1025 haec
646 984 854 1024 annotare
895 980 1003 1024 satis
1046 979 1198 1022 haheo.
1266 978 1504 1022 Meinekius
1542 992 1672 1034 quum
1717 992 1910 1036 „crurum
1949 976 2203 1036 a’vdtamc“,
2242 979 2390 1036 inquit,

502 1052 611 1097 „non
641 1044 781 1095 potest
807 1051 885 1095 pro
913 1039 1008 1095 ipso
1037 1038 1151 1081 coitu
1180 1037 1295 1081 dicta
1322 1035 1459 1090 esse“,
1486 1037 1658 1082 minime
1687 1041 1753 1081 est
1783 1037 2034 1082 audiendus.
2093 1039 2233 1083 Variis
2250 1038 2389 1086 verbis

498 1111 602 1141 usus
631 1102 696 1139 est
722 1102 853 1152 poeta
881 1097 925 1138 in
955 1096 1069 1138 coitu
1098 1094 1392 1151 significando.
1449 1095 1579 1151 Illud,
1619 1095 1734 1151 quod
1763 1095 1865 1139 dicit
1903 1095 2138 1138 α’ναεείνειν
2167 1099 2222 1139 τὼ
2253 1095 2390 1151 σκέλη,

501 1155 756 1210 compluries
785 1154 992 1209 reperitur
1021 1157 1383 1208 repraesentatum
1413 1152 1458 1194 in
1485 1153 1685 1208 operibus
1713 1154 1869 1195 artium
1893 1158 2097 1196 veterum.
2155 1155 2204 1197 In
2228 1156 2390 1199 Eccles.

498 1212 571 1256 Vs.
585 1211 672 1255 265
695 1216 739 1255 et
758 1211 803 1254 in
823 1210 1002 1266 Lysistr.
1020 1210 1094 1254 Vs.
1111 1210 1197 1254 229
1225 1209 1434 1264 mulieres,
1463 1210 1614 1263 quibus
1642 1216 1833 1265 stuprum
1855 1211 2004 1254 inferri
2025 1225 2112 1263 non
2130 1213 2316 1268 fingitur,
2346 1216 2391 1253 ut

500 1270 582 1312 hoc
612 1269 704 1312 loco
735 1266 854 1324 Iridi‚
883 1267 941 1311 ad
970 1268 1125 1312 coitum
1143 1265 1469 1323 significandum
1487 1266 1540 1310 de
1559 1272 1693 1311 semet
1708 1267 1815 1323 ipsis
1830 1267 2049 1322 loquentes
2065 1273 2392 1314 commemorant

499 1332 575 1368 aut
603 1329 649 1366 τὸ
680 1327 817 1376 αἴρειν
844 1324 900 1365 τώ
931 1325 1055 1379 σκέλη
1083 1330 1127 1367 et
1156 1323 1390 1364 a‘voencmv
1409 1327 1461 1364 w>
1493 1324 1692 1378 Περσικά.
1750 1325 2065 1381 Ineptissimum
2084 1331 2162 1382 est,
2191 1328 2303 1383 qnod
2324 1337 2390 1371 su-

499 1388 630 1437 munt,
663 1382 996 1438 „oppositionem
1025 1395 1118 1425 esse
1137 1383 1248 1424 iuter
1266 1383 1340 1434 τὴν
1358 1379 1560 1421 διάκονον
1582 1385 1626 1423 et
1643 1382 1717 1433 τὴν
1729 1379 1839 1433 Ἰριν
1859 1380 2001 1434 αὐτήν,
2031 1382 2234 1426 famulam
2249 1398 2389 1430 secum

500 1440 702 1483 habuisse
731 1439 845 1481 Irin“
877 1443 1123 1482 statuentes.
1181 1438 1283 1481 Sine
1310 1436 1440 1480 dubio
1470 1437 1615 1481 vitium
1632 1438 1762 1482 estin
1780 1438 1912 1481 verbo
1936 1437 2044 1492 Ἶριν
2061 1440 2173 1495 quod
2191 1441 2391 1486 facillime

504 1498 595 1541 tolli
625 1501 765 1552 potest
793 1497 854 1539 sic
884 1502 930 1538 ut
957 1496 1187 1539 scribatur:
1216 1495 1337 1544 ἶνιν,
1368 1507 1451 1548 quo
1480 1496 1608 1538 verbo
1626 1508 1728 1539 usus
1748 1501 1814 1538 est
1832 1496 2059 1551 Euripides
2080 1498 2123 1539 in
2142 1498 2280 1554 Iphig.
2295 1501 2390 1542 Aul.

501 1555 576 1599 Vs.
602 1555 696 1597 119.
756 1552 903 1596 Verba
932 1552 956 1606 ἡ
975 1552 1056 1600 ἱνις
1071 1552 1266 1596 sufficere
1285 1550 1343 1594 ad
1360 1551 1683 1607 significandam
1702 1553 2007 1596 nobilissimam
2024 1560 2065 1596 et
2080 1557 2190 1610 patri
2210 1557 2391 1601 dilectis-

501 1607 651 1655 simam
682 1610 814 1652 filiam
843 1611 965 1654 Jovis
994 1610 1242 1665 Minervam,
1270 1610 1449 1652 Athenis
1477 1622 1580 1664 prae
1610 1611 1760 1653 ceteris
1791 1612 1960 1665 cultam,
1992 1625 2067 1666 pro
2096 1618 2210 1656 certo
2240 1614 2393 1666 habeo,

502 1670 565 1712 ita
593 1674 640 1712 ut
669 1680 777 1724 opus
806 1680 892 1710 non
912 1667 1108 1710 videatur
1136 1664 1268 1720 αὐτὴν
1287 1671 1450 1710 mutare
1477 1667 1521 1709 in
1547 1666 1753 1722 Ἀθηνᾶν.
1780 1693 1837 1699 -
1886 1668 2115 1712 Praeterea
2145 1672 2271 1714 etiam
2301 1685 2392 1715 ver-

503 1728 602 1769 bum
633 1724 800 1778 πραίτης
827 1729 1065 1780 corruptum
1096 1738 1190 1767 esse
1219 1724 1447 1779 Elmslejus
1475 1728 1517 1766 et
1547 1724 1802 1779 Blaydesius
1831 1726 2151 1780 intellexerunt,
2192 1729 2264 1782 qui
2292 1731 2392 1771 scri-

502 1781 688 1828 bendum
719 1786 1047 1838 proposuerunt:
1088 1779 1300 1835 πρώτισθ,
1339 1794 1466 1836 quam
1496 1780 1778 1837 conjecturam
1818 1782 1901 1825 sibi
1934 1782 2049 1826 haud
2077 1785 2182 1828 satis
2211 1787 2392 1841 placere,

501 1841 652 1885 merito
681 1839 943 1894 significavit
971 1838 1224 1895 Blaydesius
1253 1838 1346 1895 ipse
1375 1852 1415 1894 p.
1449 1840 1527 1882 132
1559 1838 1624 1883 his
1654 1840 1796 1883 verbis
1825 1840 2009 1885 additis:
2041 1842 2142 1898 „sed
2157 1843 2273 1899 latet,
2303 1844 2393 1900 opi-

502 1912 593 1953 nor,
623 1898 742 1940 aliud
772 1897 915 1952 quid“.
973 1897 1181 1951 Equidem
1219 1909 1303 1938 non
1341 1896 1511 1952 dubito,
1555 1897 1655 1952 quin
1684 1898 1995 1954 Aristophanes
2024 1900 2262 1957 scripserit:
2309 1916 2392 1944 πι-

505 1958 644 2007 στῆς,
675 1956 719 1996 in
750 1968 833 2007 quo
863 1954 993 1996 verbo
1023 1968 1181 2006 magna
1210 1954 1321 1995 inest
1358 1954 1566 1995 irrisionis
1597 1956 1674 1996 vis.
1734 1954 1818 1996 Cfr.
1849 1956 1962 2009 quod
1991 1958 2107 2012 apud
2135 1959 2392 2014 Aeschylum

505 2013 551 2056 in
581 2010 793 2055 Prometh.
823 2010 961 2054 Vinct.
990 2010 1060 2054 Vs.
1090 2011 1174 2053 969
1203 2009 1435 2109 Mercurius
1466 2009 1607 2058 πιστὸς
1635 2011 1813 2060 ἄγγελος
1848 2013 2099 2068 appellatur.

1354 2080 1386 2110 s.
1421 2068 1530 2111 1439
1559 2080 1591 2111 s.

1240 2125 1651 2165 ΠΕῙΘΕΤΑῙΡΟΣ.

1528 2180 1604 2223 οὔκ
1633 2181 1836 2235 α’κήκοας,

963 2236 1066 2278 ὅταν
1094 2236 1271 2287 λέγωσιν
1299 2234 1342 2278 οἱ
1371 2240 1544 2291 πατέρες
1571 2237 1762 2280 ἑκάστοτε

963 2301 1048 2341 τοῖς
1075 2296 1307 2346 μειρακίοις
1337 2296 1384 2334 ἐν
1414 2303 1516 2336 τοτσι
1547 2299 1751 2347 κουρείοις
1781 2296 1894 2336 ταδί·

964 2350 1113 2398 δεινῶς
1142 2352 1190 2401 γέ
1216 2364 1299 2403 μου
1327 2353 1372 2392 τὸ
1402 2352 1621 2404 μειράκιον
1651 2354 1874 2407 Διιτρέφης

964 2407 1099 2458 λέγων
1128 2407 1416 2461 ἀνεπτέρωκεν
1444 2409 1547 2456 ὥςθ’
1576 2409 1842 2462 ἱππηλατεῖν.

970 2464 993 2505 ὁ
1026 2465 1075 2505 δέ
1105 2479 1163 2513 τις
1189 2466 1262 2506 τὸν
1292 2464 1423 2508 αὑτοῦ
1452 2479 1579 2521 φησιν
1605 2466 1678 2507 ἐπὶ
1705 2466 1920 2523 τραγῳδίᾳ

969 2520 1306 2573 ἀνεπτερῶσθαι,
1338 2527 1409 2561 καὶ
1439 2526 1706 2576 πεποιῆσθαι
1736 2527 1810 2571 τὰς
1840 2527 2012 2577 φρένας.

621 2580 670 2621 In
702 2592 828 2622 versu
858 2579 965 2620 1441
998 2579 1198 2633 scriptum
1229 2578 1361 2622 fuisse
1390 2593 1559 2623 censeo:
1592 2583 1721 2631 πρὸς
1740 2582 2058 2632 μειρακίων.
2115 2581 2269 2628 Λέγειν
2286 2582 2396 2632 πρός

511 2652 621 2685 τινος
651 2636 884 2691 significat:
927 2637 1065 2679 dicere
1085 2649 1167 2689 pro
1193 2636 1332 2690 aliquo
1342 2652 1357 2689 ‚·
1386 2636 1462 2680 cfr.
1492 2638 1614 2692 Vesp.
1645 2638 1742 2692 647,
1772 2638 1968 2693 Sophocl.
1999 2636 2102 2680 Oed.
2132 2637 2181 2679 R.
2217 2637 2328 2679 1434
2357 2643 2400 2680 et

509 2694 709 2738 Trachin.
737 2695 836 2737 479.
894 2693 1223 2737 commendatur
1252 2694 1359 2737 haec
1388 2695 1642 2752 conjectura,
1674 2699 1719 2738 ut
1749 2696 1911 2752 opinor,
1953 2694 2080 2737 etiam
2110 2707 2174 2750 eo,
2204 2694 2317 2749 quod
2347 2708 2399 2738 ea

511 2754 679 2796 demum
709 2752 815 2796 satis
843 2752 1091 2807 explicatur,
1120 2751 1330 2806 quomodo
1360 2754 1581 2808 scriptura,
1610 2767 1720 2807 quae
1750 2755 1794 2794 in
1825 2755 1943 2794 libris
1973 2752 2164 2806 traditur,
2194 2759 2279 2799 τοῖς
2307 2769 2401 2803 μει-

511 2811 687 2865 ρακίοις,
717 2809 818 2853 oriri
848 2809 1042 2865 potuerit.
1100 2809 1268 2852 Etenim
1298 2813 1522 2864 postquam
1550 2812 1656 2862 πρὸς
1684 2810 1790 2852 abiit
1819 2810 1862 2852 in
1893 2816 1989 2858 τοῖς,
2021 2808 2132 2863 quod
2154 2809 2282 2852 facile
2306 2809 2401 2853 fieri

509 2868 660 2924 potuit,
687 2867 972 2911 necessarium
1001 2866 1083 2909 fuit
1110 2867 1237 2910 ctiam
1267 2868 1497 2919 μειρακίων
1526 2873 1685 2910 mutare
1714 2868 1758 2910 in
1786 2869 2029 2919 μειρακίοις.

626 2926 854 2966 Praeterea
895 2925 1040 2966 nescio
1081 2937 1136 2964 an
1178 2926 1306 2965 ctiam
1349 2937 1495 2967 versus
1538 2926 1647 2967 1442
1677 2930 1719 2966 et
1751 2925 1861 2965 1444
1896 2922 2086 2965 mutandi
2117 2922 2214 2964 sint.
2274 2923 2401 2965 Haud
2435 2931 2438 2934 ⁴

513 2981 789 3035 intellegitur,
819 2994 893 3024 cur
921 2981 965 3023 in
996 2980 1074 3023 hoc
1103 2983 1175 3021 τὸν
1204 2980 1335 3021 αὑτοῦ
1366 2979 1497 3035 (υἱόν)
1527 2982 1742 3037 scripserit
1774 2987 1913 3035 pocta,
1944 2994 2028 3021 non
2059 2982 2102 3018 τό
2133 2977 2263 3020 αὑτοῦ
2294 2984 2404 3032 (μει-

513 3037 697 3091 ράκιον),
726 3051 854 3092 quum
883 3037 976 3079 sine
1006 3036 1133 3078 dubio
1163 3036 1293 3078 etiam
1323 3037 1373 3090 is,
1405 3039 1475 3091 qui
1493 3039 1658 3081 Graeco
1680 3037 1887 3080 vocabulo
1907 3035 2148 3092 appellatur
2166 3036 2402 3088 μειράκιον,

514 3095 570 3136 sit
598 3094 933 3148 intellegendus,
975 3107 1059 3135 non
1085 3093 1257 3147 juvenis
1287 3095 1426 3146 magis
1454 3095 1636 3137 adultus.
1694 3095 1807 3148 Ergo
1845 3093 2074 3134 videndum
2103 3105 2160 3133 an
2191 3093 2407 3148 corrigen-

2024 3161 2088 3201 332*
