2898 3805
1403 409 1429 454 ⁷

485 526 706 581 dentisque
743 530 866 570 extra
906 538 955 571 os
998 523 1193 570 habeat“.
1248 523 1315 568 Ex
1343 524 1479 580 primo
1507 524 1710 580 Hesychii
1748 524 1840 568 loco
1882 524 1998 568 haud
2025 525 2358 571 concludendum

486 589 562 637 est,
592 584 676 626 duo
694 582 865 626 diversa
882 583 1061 639 piscium
1084 594 1243 637 genera
1261 582 1477 637 appellata
1495 593 1590 624 esse
1603 581 1773 635 μόρους.
1831 581 1968 633 Quam
1985 586 2111 637 aptus
2130 583 2186 627 sit
2203 596 2358 641 myrus,

486 653 739 696 quamquam
783 640 909 696 piscis
949 639 1056 684 mari
1093 638 1342 695 peculiaris,
1384 637 1692 707 sal-‚victimam
1728 640 1848 682 anati
1876 638 2218 708 sacrificandam,
2247 643 2357 686 ultro

486 698 983 800 afflati-..sifflffl‘
996 696 2359 808 ffffisglfsstssssfffflffiffffzffmwffisssffzkffi

486 814 706 857 struebant
733 827 826 856 cum
856 813 1078 870 prioribus.
1134 813 1206 856 Sic
1232 813 1360 854 etiam
1386 812 1649 867 scholiastes,
1676 814 1748 868 qui
1768 812 1881 856 hauc
1898 825 2073 857 causam
2092 813 2216 857 affert
2231 815 2356 859 tritici

487 885 715 926 granorum
743 871 897 914 Veneri
926 869 1318 915 sacrificandorum:
1358 869 1451 910 ἐπεὶ
1478 868 1519 910 οἳ
1545 868 1681 922 ἑφθοὶ
1710 874 1836 923 πυροῦ
1861 872 1969 924 πρὸς
1995 873 2221 911 συνουσίαν
2239 871 2355 926 17⁶0-

485 930 602 972 ττκοὶ.
661 928 780 982 Quae
808 927 1077 973 construendi
1096 926 1206 972 ratio
1233 926 1269 971 si
1289 925 1510 984 probanda
1529 932 1594 971 est
1614 952 1673 960 —
1701 927 1745 971 id
1774 927 1887 983 quod
1915 927 2018 972 mihi
2047 927 2215 983 quidem
2245 929 2359 974 haud

486 986 659 1029 dubium
691 987 856 1029 videtur
883 1010 939 1017 —
969 985 1088 1029 deest
1116 997 1197 1040 res,
1224 998 1310 1039 qua
1337 984 1598 1040 operandum
1626 994 1720 1027 esse
1749 985 1904 1028 fulicae
1933 985 2200 1029 Pitbetaerus
2227 987 2357 1042 signi·

486 1043 701 1097 ficaverat,
733 1056 842 1098 quae
870 1043 964 1098 ipso
994 1042 1122 1086 verbo
1152 1042 1409 1085 nominanda
1438 1047 1541 1084 erat.
1600 1041 1826 1084 Probabile
1854 1047 1919 1085 est
1946 1047 2101 1096 autem,
2126 1056 2278 1086 nomen
2299 1044 2356 1088 la-

488 1106 578 1143 tere
622 1101 665 1143 in
706 1101 836 1144 verbo
877 1099 1024 1148 θύειν,
1073 1112 1155 1154 quo
1199 1112 1304 1155 opus
1331 1113 1416 1143 non
1446 1106 1529 1153 est,
1572 1112 1699 1153 quum
1738 1098 1865 1142 facile
1893 1099 2018 1142 simul
2045 1099 2184 1142 audiri
2214 1102 2358 1156 possit.

486 1158 636 1214 Itaque
664 1157 864 1214 conjicio,
892 1158 1091 1214 seriptum
1119 1156 1273 1201 fuisse:
1317 1159 1469 1209 θρῖον,
1516 1155 1554 1199 h.
1585 1170 1623 1200 e.
1653 1169 1756 1211 opus
1779 1157 2003 1210 pistorium
2033 1171 2086 1200 ex
2108 1158 2256 1211 farina
2285 1161 2357 1202 tri-

487 1217 590 1258 ticea
618 1215 774 1269 optima
802 1216 977 1270 aliisque
1005 1215 1126 1257 rebus
1155 1219 1320 1265 coctum,
1357 1214 1432 1257 cfr.
1460 1214 1589 1257 schol.
1618 1214 1675 1257 ad
1705 1213 1886 1258 Acharu.
1923 1215 2043 1268 1101,
2071 1215 2128 1258 ad
2158 1215 2232 1270 Eq.
2263 1217 2359 1273 954,

487 1273 544 1315 ad
573 1273 680 1315 Rau.
712 1273 807 1323 134,
838 1272 1017 1328 Hesych.
1046 1278 1088 1314 et
1116 1271 1233 1315 Suid.
1261 1285 1292 1314 s.
1319 1286 1361 1314 v.
1393 1275 1534 1324 θρῖον,
1564 1271 1756 1314 Eustath.
1784 1271 1842 1313 ad
1873 1273 1994 1315 Hom.
2025 1271 2073 1314 Il.
2104 1286 2143 1328 p.
2173 1274 2270 1328 757,
2287 1275 2356 1330 53,

488 1329 618 1374 schol.
646 1328 703 1372 ad
732 1329 905 1373 Luciau.
931 1328 1107 1385 Lexipb.
1136 1328 1209 1378 VI,
1237 1329 1328 1372 Vol.
1357 1328 1429 1382 IV,
1458 1342 1498 1383 p.
1518 1329 1599 1371 152
1619 1329 1686 1372 ed.
1701 1329 1909 1373 Jacobitz.
1968 1331 2169 1384 Apparet,
2199 1339 2357 1385 quanta

487 1386 715 1430 similitudo
744 1386 979 1430 intercedat
1006 1387 1115 1430 inter
1144 1386 1300 1440 πυροὺς
1326 1384 1495 1441 ἑφθοὺς
1523 1388 1565 1430 et
1594 1389 1747 1440 θρῖον,
1775 1386 1900 1430 simul
1929 1387 2056 1431 etiam
2089 1412 2142 1420 —
2173 1386 2218 1431 id
2245 1388 2357 1444 quod

490 1444 607 1487 haud
648 1451 712 1487 est
739 1445 927 1500 ineptum
958 1468 1016 1499 —A
1040 1445 1198 1486 lautius
1226 1449 1268 1486 et
1302 1443 1522 1486 delicatius
1559 1456 1653 1486 esse
1695 1444 1947 1487 sacrificium
1986 1444 2058 1486 avi
2087 1444 2357 1488 offerendum.

487 1502 681 1556 Denique
708 1526 766 1533 —
794 1505 840 1545 nt
868 1502 995 1545 etiam
1021 1500 1146 1557 hujus
1182 1500 1241 1544 rei
1283 1501 1536 1544 mentionem
1565 1500 1755 1557 injiciam
1786 1525 1862 1556 —,
1905 1502 1943 1544 si
1972 1502 2218 1557 probabitur
2246 1504 2357 1558 quod

482 1558 574 1615 jam
604 1559 704 1602 olim
733 1557 910 1616 conjeci,
936 1559 1046 1602 inter
1075 1558 1191 1602 Vers.
1206 1558 1292 1601 564
1320 1563 1362 1601 et
1389 1558 1475 1615 565
1502 1558 1663 1613 aliquid
1692 1558 1967 1614 intercidisse,
1998 1558 2066 1602 eui
2094 1559 2357 1616 conjecturae

489 1617 725 1674 nuperrime
755 1616 1008 1672 Blaydesius
1035 1628 1233 1660 assensus
1262 1621 1326 1660 est
1355 1616 1381 1658 1.
1413 1628 1449 1659 ο.
1479 1629 1519 1672 p.
1548 1616 1617 1668 67,
1647 1615 1995 1660 verisimillimum
2025 1617 2116 1674 erit,
2144 1623 2244 1661 ante
2262 1631 2354 1663 ver-

489 1675 587 1718 bum
610 1673 847 1728 ’Λφροδίτῃ
889 1674 1158 1717 inserendam
1196 1687 1289 1717 esse
1333 1674 1582 1729 particulam
1619 1672 1682 1722 δ’,
1725 1687 1853 1728 quum
1884 1677 1922 1718 A
1947 1675 2147 1718 facillime
2189 1681 2287 1718 ante
2316 1679 2360 1719 A

489 1731 683 1776 excidere
710 1731 906 1788 potuerit.
1739 1764 1741 1766 .

608 1789 672 1832 De
699 1801 847 1832 versus
874 1788 954 1832 567
986 1788 1195 1844 scriptura
1216 1786 1468 1843 Blaydesius
1489 1787 1594 1831 haec
1611 1792 1810 1830 annotat:
1841 1786 1955 1846 »θύῃ
1974 1803 2033 1836 τις
2050 1789 2125 1845 (τῖς
2144 1790 2219 1845 R.)
2236 1795 2290 1833 A.
2308 1794 2357 1833 K.

499 1846 545 1888 V.
561 1847 607 1887 Γ.
634 1846 764 1890 schol.
794 1859 876 1889 om.
892 1847 941 1888 Β.
957 1845 1096 1901 vulg.“
1143 1845 1354 1888 Particula
1368 1858 1428 1893 τις
1455 1844 1567 1888 haud
1594 1845 1721 1888 dubie
1749 1844 1899 1888 addita
1927 1850 1992 1889 est
2018 1858 2047 1890 a
2064 1859 2190 1891 manu
2205 1848 2357 1905 aliena,

489 1904 552 1948 ita
578 1909 624 1947 ut
651 1917 705 1948 ea
732 1904 892 1947 nullam
931 1903 1307 1972 verisimilitudinis
1344 1903 1529 1959 speciem
1566 1902 1780 1971 praebeat·
1797 1904 2064 1971 conjecturae
2092 1919 2120 1948 a
2147 1906 2357 1950 Meinekio

490 1965 974 2063 320523‘2225323555
998 1960 1481 2074 &twafsssszfffffssi'x
1507 1960 2358 2075 &effinsssssssffsszssfisss3332221322323

489 2081 536 2119 ut
565 2077 609 2118 in
640 2076 780 2118 verbis
808 2088 917 2130 quae
937 2079 1168 2130 sequuntur
1195 2075 1368 2123 ναστοὺς
1388 2088 1443 2127 μ·
1471 2086 1605 2129 aeque
1621 2073 1749 2117 facile
1768 2075 1890 2118 simul
1911 2075 2081 2119 auditur
2099 2077 2356 2128 καθαγίζειν.

490 2134 556 2176 De
586 2133 701 2188 quali
723 2134 817 2175 cibo
841 2146 976 2186 sermo
996 2133 1134 2186 fuerit,
1166 2132 1318 2175 docent
1336 2132 1468 2175 verba
1485 2133 1678 2187 proxima
1693 2134 1865 2180 ναστοὺς
1876 2133 2140 2185 μελιτοῦντας
2155 2135 2235 2189 (sic
2246 2136 2358 2178 enim

490 2204 566 2246 pro
591 2189 855 2242 μελιτούττας
882 2189 1149 2232 scribendum
1174 2202 1266 2232 esse
1290 2188 1398 2243 vidit
1422 2189 1672 2243 Meinekius‚
1695 2189 1770 2231 cfr.
1794 2190 1976 2244 Hesych.
1993 2190 2279 2241 μελιττοῦντας
2296 2192 2357 2247 (h.

491 2260 527 2290 e.
555 2247 856 2300 μελιτοῦντας)·
887 2246 1174 2296 πλακοῦντας,
1206 2260 1330 2301 quam
1360 2247 1676 2290 annotationem
1705 2246 1759 2289 M.
1788 2247 2043 2291 Schmidtius
2071 2248 2128 2291 ad
2160 2249 2269 2292 huuc
2300 2251 2356 2293 10-

492 2318 587 2348 cum
616 2305 968 2360 Aristophaneum
999 2304 1168 2347 rettulit.
1224 2305 1287 2347 Ne
1317 2304 1471 2347 multus
1499 2305 1591 2353 sim,
1624 2304 1825 2361 scriptum
1855 2311 1965 2349 erat:
1996 2305 2048 2360 ἢν
2070 2305 2108 2347 δ’
2131 2303 2356 2361 ιΗροικλόιει

493 2362 668 2417 θύλημ
681 2379 723 2411 α,
754 2361 871 2416 λα’ρῳ
887 2368 982 2405 cett.
1040 2363 1199 2406 Ultima
1227 2363 1348 2404 verbi
1377 2362 1550 2416 θύλημα
1569 2363 1739 2417 syllaba
1759 2362 1955 2406 facillime
1974 2370 2073 2406 aute
2088 2367 2177 2405 ΛΑ
2193 2365 2357 2408 interci-

490 2421 591 2464 dere
631 2421 776 2475 potuit.
834 2419 899 2463 Ex
929 2419 1116 2474 reliquiis
1151 2419 1264 2462 illius
1303 2419 1421 2462 verbi
1449 2426 1541 2463 orta
1570 2425 1634 2462 est
1663 2422 1869 2475 scriptura
1900 2424 2000 2477 θύῃ.
2059 2421 2137 2464 Cui
2178 2423 2358 2465 subinde

489 2477 680 2521 additum
709 2482 774 2521 est
802 2492 859 2526 τις
878 2478 932 2520 ab
961 2477 1260 2532 interpolatore
1286 2477 1428 2531 aliquo
1450 2477 1623 2520 verbum
1644 2478 1872 2532 expleturo.
1929 2478 2107 2521 Pluralis
2130 2478 2357 2534 θυλήματα

489 2537 695 2591 reperitur
723 2536 768 2577 in
798 2535 1008 2589 Aristoph.
1037 2535 1135 2578 Pac.
1163 2534 1234 2577 Vs.
1257 2535 1366 2576 1039
1397 2538 1440 2577 et
1468 2535 1511 2576 in
1541 2534 1777 2589 fragmento
1804 2535 1993 2577 Platonis
2022 2535 2205 2591 Comici,
2243 2536 2356 2591 quod

489 2597 554 2635 est
581 2591 695 2648 apud
725 2591 981 2634 Meinekium
1007 2592 1062 2646 ΙΙ,
1091 2605 1130 2647 p.
1147 2592 1231 2634 656
1250 2611 1304 2627 =
1320 2591 1353 2646 I,
1377 2591 1442 2634 16.
1460 2593 1499 2634 9.
1541 2591 1797 2646 Hesychius:
1830 2591 2075 2644 θυλήματα·
2100 2594 2356 2645 βεβρεγμένα

489 2649 669 2700 μέλιτι
699 2649 925 2703 ἄλφιτα,
967 2650 993 2702 ἢ
1022 2648 1273 2701 θυμιάματα
1315 2648 1387 2689 ἐπὶ
1429 2651 1596 2699 βωμῶν.
1665 2648 1813 2702 Itaque
1857 2649 1999 2703 agitur
2040 2650 2165 2692 etiam
2208 2650 2275 2693 hic
2305 2649 2358 2693 de

489 2707 686 2762 placenta
710 2706 881 2747 mellita.

1321 2761 1392 2803 Vs.
1420 2762 1504 2804 609

612 2819 844 2862 Pithetaeri
876 2818 981 2861 haee
1011 2822 1109 2861 suut
1138 2818 1289 2861 verba:

671 2879 676 2884 ”
832 2874 912 2917 οὐκ
940 2875 1053 2915 οἶσθ’
1083 2874 1144 2915 ὅτι
1174 2875 1286 2915 πέντ’
1318 2873 1491 2928 ἀνδρῶν
1517 2875 1660 2923 γενεάς
1688 2874 1781 2922 ζώει
1809 2875 2014 2928 λακέρυζα
2043 2877 2206 2931 κορώνη
2215 2895 2230 2927 ,-
2328 2916 2330 2918 ,

489 2934 712 2976 Diversum
757 2947 971 2976 numerum
1017 2937 1202 2974 aetatum
1247 2932 1530 2985 significatum
1572 2932 1804 2987 reperimus
1847 2933 1891 2973 iu
1932 2939 2031 2974 noto
2069 2934 2143 2975 illo
2181 2935 2357 2976 Hesiodi

487 2990 737 3045 fragmento,
767 2990 878 3046 quod
906 2993 1047 3032 exstat
1073 2987 1187 3045 apud
1216 2988 1425 3031 Plutarch.
1453 2988 1506 3033 de
1535 2988 1617 3031 def.
1647 3002 1757 3032 orac.
1787 3004 1828 3044 p.
1855 2990 1953 3044 415,
1981 3005 2025 3033 c:

941 3047 1065 3088 ἐννέα
1093 3060 1156 3095 τοι
1185 3045 1277 3095 ζώει
1305 3049 1451 3096 γενεὰς
1478 3045 1683 3101 λακέρυζα
1712 3045 1876 3102 κορώνη

943 3103 1115 3159 ἀνδρῶν
1143 3103 1351 3160 ἡβώντων,
