2898 3805
1368 376 1423 443 14

435 494 513 534 ἕνα
543 492 636 533 τινὰ
666 491 824 543 μόνον,
868 496 941 547 „ut
969 490 1174 533 memoria
1203 490 1350 544 lapsus
1380 490 1520 534 subito
1550 504 1597 533 se
1626 490 1837 544 corrigere
1866 488 2156 532 existimetur*
2189 491 2343 544 (verba

436 552 537 591 sunt
566 547 788 603 Blaydesii
818 562 859 605 p.
878 548 976 602 101,
1004 547 1074 603 qui
1106 560 1133 589 a
1155 545 1388 590 Sacerdote
1406 547 1503 590 cani
1535 546 1613 589 hoc
1634 559 1804 590 carmen
1825 547 2086 600 existimat);
2116 546 2341 591 Dobraeus

434 604 618 658 μάκαροῖ
647 605 687 653 γ’
714 606 792 645 ἕνα
823 620 857 647 ι.
886 621 929 656 μ.
971 604 1189 659 proposuit
1232 603 1526 653 scribendum3
1571 603 1827 657 Blaydesius
1868 603 2001 646 scribi
2043 604 2172 645 etiam
2213 616 2341 660 posse

434 660 617 713 μα’καρᾰ
649 660 689 702 σ·
717 662 794 702 ἕνα
822 676 858 703 τ.
884 677 928 713 μ
962 659 1408 716 significavit.1uter
1436 673 1522 714 eos,
1551 660 1624 715 qui
1653 660 1730 702 illa
1760 659 1932 715 quidem
1952 660 2086 703 verba
2105 659 2224 702 haud
2244 672 2339 703 esse

435 717 644 761 mutanda
673 723 942 771 censuerunt,
972 718 1056 760 duo
1087 718 1278 770 fuerunt,
1322 719 1394 772 qui
1425 718 1468 759 in
1499 729 1626 760 versu
1655 717 1743 760 900
1770 716 1933 771 aliquid
1963 716 2213 760 mutandum
2241 731 2337 761 esse

434 775 724 830 opinarentur,
753 775 930 819 Beerius
960 775 987 818 1
1015 788 1050 819 c.
1079 789 1119 829 p.
1139 776 1195 817 39
1225 780 1269 817 et
1297 774 1492 817 Kockius
1522 774 1566 817 in
1597 778 1741 817 annot.
1763 773 1820 817 ad
1842 774 1881 816 b.
1899 774 1938 826 1.,
1966 773 2097 817 scribi
2111 773 2336 830 jubentes·

435 834 517 881 ἕξει
547 833 690 885 ὄψον,
736 845 848 887 quae
888 833 1020 882 verba
1060 831 1253 874 Kockius
1280 832 1617 898 interpretatur.
1663 845 1808 888 „wenn
1838 844 1883 874 er
1912 832 2068 874 anders
2096 832 2232 874 haben
2258 831 2340 875 soll

435 889 642 944 (namlich
673 888 750 932 der
777 887 834 937 εἷς
862 888 983 942 πς)“.
1041 889 1163 941 Quae
1195 887 1440 945 conjectura
1471 889 1585 932 haud
1608 865 1827 945 displicuit
1847 888 2091 945 Blaydesio,
2123 888 2336 945 nisiquod

438 947 539 1003 „sed
561 946 664 1000 ita“,
692 946 842 1001 inquit,
876 946 1264 1014 „transponendum
1295 946 1405 989 foret
1435 947 1554 994 ὄψον
1583 948 1708 1002 ἕξει“,
1737 960 1823 1001 qua
1852 947 2084 989 mutatione
2113 959 2220 1002 opus
2250 960 2336 989 non

434 1010 513 1048 est.
573 1004 728 1059 Inepta
758 1016 853 1047 esse
883 1005 1029 1048 omnia
1057 1004 1133 1047 illa
1164 1003 1419 1047 emendandi
1450 1004 1653 1058 pericula,
1681 1004 1785 1047 mihi
1816 1003 1985 1058 quidem
2015 1004 2083 1047 vel
2113 1017 2167 1047 ex
2197 1017 2249 1047 eo
2270 1004 2330 1046 vi-

434 1061 557 1105 detur
585 1074 810 1117 apparere,
841 1062 955 1116 quod
986 1061 1029 1103 in
1063 1061 1133 1103 Vs.
1155 1062 1239 1103 903
1270 1061 1331 1102 ita
1363 1061 1547 1115 loquitur
1565 1061 1848 1115 Pithetaerus,
1878 1067 1924 1104 ut
1943 1062 2071 1117 plane
2085 1060 2336 1104 incredibile

435 1119 512 1172 sit,
555 1124 687 1159 antea
727 1131 963 1160 sermonem
1004 1118 1137 1160 fuisse
1175 1118 1229 1159 de
1259 1118 1466 1160 sacrificio
1507 1118 1579 1159 uni
1610 1122 1777 1160 tantum
1806 1118 1887 1161 deo
1919 1117 2127 1161 faciendo.
2184 1117 2336 1173 Itaque

437 1175 637 1217 mendum
666 1176 807 1217 inesse
836 1188 988 1218 censeo
1019 1175 1062 1216 in
1092 1174 1223 1216 verbo
1253 1174 1402 1224 μόνον,
1443 1188 1518 1228 pro
1547 1188 1630 1227 quo
1660 1175 1928 1216 scribendum
1956 1175 2147 1217 videtur:
2187 1175 2337 1227 νόμον,

435 1232 498 1274 ita
528 1237 575 1274 ut
605 1231 712 1274 haec
741 1232 953 1274 sententia
982 1230 1159 1273 evadat:
1203 1243 1301 1272 voca
1331 1231 1426 1273 deos
1453 1232 1679 1273 secundum
1712 1245 1847 1272 unum
1877 1231 2058 1284 aliquem
2085 1232 2227 1274 ritum.
2285 1231 2335 1273 In

434 1288 578 1332 verbis
608 1301 719 1343 quae
754 1292 987 1342 sequuntur
1031 1287 1255 1343 probabile
1293 1292 1358 1331 est
1403 1287 1688 1341 significatum
1727 1287 1882 1340 fuisse,
1927 1286 2029 1342 quid
2066 1287 2332 1343 potissimum

436 1345 715 1402 spectandum
746 1349 859 1388 esset
888 1345 932 1387 in
963 1344 1046 1387 diis
1076 1344 1294 1387 vocandis.
1354 1345 1575 1388 Librorum
1605 1345 1814 1400 scriptura
1843 1346 1975 1399 εἴπερ,
2007 1357 2131 1400 quae,
2161 1345 2330 1388 etiamsi

434 1404 602 1445 intacta
648 1403 869 1456 reliqueris
909 1403 1042 1444 verba
1083 1403 1304 1457 superiora
1333 1404 1364 1442 ἕ.
1398 1418 1428 1444 2.
1467 1402 1626 1454 μόνον,
1672 1406 1776 1457 apta
1818 1415 1904 1444 non
1945 1407 2030 1458 est,
2076 1402 2146 1445 vel
2175 1415 2252 1458 per
2282 1414 2330 1444 se

433 1460 528 1502 vitii
569 1463 650 1503 est
672 1464 882 1514 suspecta,
921 1465 1148 1528 propterea
1188 1458 1300 1513 quod
1332 1459 1376 1501 in
1407 1460 1458 1501 iis
1498 1472 1608 1513 quae
1647 1464 1881 1514 sequuntur
1918 1459 2186 1502 Pithetaerus
2216 1459 2333 1502 nullo

433 1517 566 1560 verbo
606 1516 818 1571 affirmat,
865 1515 1020 1560 adesse
1060 1514 1212 1556 ἱκανὸν
1250 1516 1384 1567 ὄψον.
1440 1516 1651 1570 Equidem
1681 1515 1929 1559 facillimam
1960 1516 2236 1559 mutationem
2267 1529 2333 1558 ar·

433 1574 565 1617 bitror
608 1586 702 1616 esse
733 1573 864 1616 hanc:
906 1570 1068 1630 ᾗπερ,
1121 1573 1159 1614 1ι.
1190 1586 1224 1615 e.
1256 1572 1421 1626 ὥσπερ,
1465 1574 1569 1612 καθ’
1601 1572 1639 1622 ὅ,
1669 1588 1727 1622 τι,
1776 1587 1851 1629 „ea
1880 1574 2070 1616 ratione
2075 1573 2208 1627 qua“,
2253 1585 2331 1616 nec

434 1636 577 1674 tamen
623 1631 852 1685 obloquar‚
899 1632 936 1672 si
984 1631 1079 1684 quis
1121 1630 1250 1672 scribi
1291 1631 1511 1672 maluenit.
1563 1627 1732 1684 ᾧπερ,
1782 1630 1930 1673 eadem
1977 1631 2213 1684 sententia,
2256 1630 2333 1673 sed

432 1688 565 1731 verbo
609 1687 668 1730 ad
707 1689 842 1740 νόμον
871 1687 1017 1730 relato.
1085 1687 1224 1741 Ratio,
1263 1700 1349 1741 qua
1389 1693 1484 1743 post
1526 1686 1604 1730 hoc
1645 1701 1813 1730 carmen
1856 1688 2021 1730 finitum
2066 1662 2335 1730 Pithet'aerus

433 1746 608 1787 invocat
638 1744 755 1799 deos,
785 1745 842 1786 ab
873 1756 949 1798 ea,
979 1757 1105 1799 quam
1136 1749 1306 1787 secutus
1336 1750 1402 1786 est
1430 1744 1662 1795 Sacerdos,
1705 1745 1847 1787 differt
1876 1758 1948 1799 eo,
1986 1745 2100 1800 quod
2128 1745 2201 1788 ille
2232 1744 2334 1787 deos

435 1803 480 1844 in
520 1802 767 1844 universum
806 1802 934 1843 simul
972 1801 1182 1856 appellat,
1227 1802 1421 1855 singulos
1457 1806 1600 1844 autem
1639 1816 1723 1844 non
1759 1808 1959 1844 recenset.
2021 1803 2089 1844 Ita
2118 1814 2171 1844 ex
2201 1802 2336 1856 ipsius

432 1858 611 1902 arbitrio
641 1858 710 1901 vel
756 1858 897 1901 hircus
927 1872 1035 1901 unus
1065 1859 1187 1913 talis,
1232 1859 1371 1912 qualis
1406 1859 1550 1912 adest,
1593 1858 1763 1901 sufficit.
1828 1860 1952 1901 Hunc
1997 1859 2156 1901 hircum
2200 1859 2335 1901 solum

434 1916 518 1958 diis
548 1916 760 1958 universis
789 1915 1116 1957 sacrificandum
1146 1915 1274 1958 etiam
1304 1915 1418 1958 infra
1447 1915 1517 1959 Vs.
1551 1916 1659 1959 1057
1692 1915 1919 1971 significat.
1947 1940 2005 1947 —
2048 1915 2232 1959 Pluralis
2260 1929 2336 1958 nu·

434 1986 577 2015 merus
617 1974 726 2019 ἕξετε
755 1977 922 2027 spectat
949 1973 1006 2014 ad
1036 1973 1324 2014 Pithetaerum
1355 1978 1399 2014 et
1426 1973 1481 2014 ad
1512 1986 1598 2026 eos,
1629 1975 1699 2028 qui
1731 1974 1793 2015 illi
1823 1974 2028 2015 assistunt
2051 1975 2095 2015 in
2125 1973 2334 2015 sacrificio

436 2028 651 2082 faciendo,
682 2030 720 2070 si
749 2031 893 2083 plures
922 2029 1092 2072 fuerunt
1120 2043 1246 2083 quam
1277 2043 1383 2084 puer
1410 2030 1482 2072 ille
1511 2030 1554 2071 in
1585 2030 1655 2072 Vs.
1686 2031 1772 2072 850
1801 2030 2055 2084 appellatus.

1290 2086 1362 2129 Vs.
1392 2086 1475 2129 943

434 2157 462 2186 a
491 2144 628 2187 Poeta
658 2147 1010 2186 commemoratur
1040 2144 1254 2196 Στράτων,

895 2200 943 2247 ὃς
971 2198 1321 2253 ὑφαντοδόνηιον
1349 2200 1479 2247 ε”σθος
1508 2201 1558 2240 οὗ
1590 2202 1793 2242 πέπαται.

431 2257 585 2299 Mirum
608 2262 839 2298 monstrum
869 2256 987 2298 verbi
1014 2254 1371 2309 ΐᾳαντοδόνητον,
1404 2257 1513 2310 quod
1529 2270 1626 2299 mea
1644 2258 1855 2299 sententia
1871 2256 1972 2298 ferri
1992 2258 2162 2299 omnino
2178 2257 2337 2310 nequit.

437 2314 580 2357 Etiam
610 2313 882 2369 Blaydesius,
912 2316 960 2357 ut
989 2325 1102 2356 nunc
1133 2312 1298 2355 demum
1332 2313 1469 2367 video,
1500 2314 1746 2357 dubitanter
1770 2313 1938 2368 quidem
1954 2313 2199 2357 annotavit:
2232 2311 2339 2368 „for-

437 2377 554 2413 tasse
585 2384 670 2412 non
701 2383 853 2412 sanum
885 2370 990 2412 est“
1050 2370 1247 2411 Profecto
1278 2371 1387 2412 liber
1416 2372 1645 2413 Ravennas
1674 2372 1852 2427 praebet
1893 2373 2058 2413 variam
2098 2371 2337 2425 lectionem,

430 2427 741 2481 α’μφιδόνηιον.
801 2427 952 2482 Itaque
981 2440 1062 2480 ego
1094 2440 1179 2468 non
1210 2426 1372 2480 dubito,
1405 2429 1504 2481 quin
1533 2430 1736 2483 scriptum
1758 2429 1906 2470 fuerit:
1937 2427 2234 2481 υπαμφιδ
2207 2442 2230 2469 ο
2245 2441 2333 2467 να-

429 2500 535 2527 τον.
594 2484 736 2526 Verbo
766 2484 898 2531 ἔσθος
927 2485 1104 2526 Poetam
1136 2483 1379 2536 significare
1410 2487 1610 2537 tunicam,
1641 2487 1708 2526 vel
1738 2485 1979 2527 accuratius
2001 2485 2249 2538 tuniculam,
2277 2499 2331 2527 ex

430 2542 626 2586 versibus
658 2541 755 2597 944,
787 2540 885 2596 946,
915 2541 1001 2586 955
1031 2546 1223 2597 apparet.
1282 2541 1446 2585 Forsan
1476 2549 1604 2598 poeta
1624 2543 1779 2598 aliquis
1801 2542 2140 2597 dithyrambicus
2156 2543 2332 2598 pallium

430 2600 729 2656 appellaverat
746 2576 1058 2652 'a’mpcdo'vawv
1087 2599 1230 2646 ἔσθος.
1291 2599 1399 2642 Eum
1429 2601 1737 2656 Aristophanes
1767 2601 2005 2656 cavillatur,
2045 2600 2213 2655 fingens
2243 2613 2335 2644 ver·

433 2659 531 2700 bum
561 2655 925 2709 ὑπαμφιδόνατον
953 2657 1010 2698 ad
1039 2657 1272 2698 tuniculam
1302 2657 1641 2714 significandam,
1675 2672 1785 2713 quae
1815 2659 1894 2701 sub
1920 2658 2052 2714 pallio
2074 2659 2241 2714 corpori
2256 2659 2336 2701 cir-

429 2715 640 2758 cumcirca
668 2713 870 2756 induitur.

1245 2770 1316 2813 Vs.
1342 2772 1426 2813 958
1455 2786 1517 2826 sq.

431 2829 537 2871 haec
567 2828 750 2870 eduntur
780 2828 922 2881 verba,
952 2831 1126 2881 quorum
1157 2827 1295 2881 prima
1325 2834 1423 2870 sunt
1456 2829 1691 2872 Pithetaeri
1722 2827 1934 2871 camillum
1965 2831 2028 2882 (ut
2043 2842 2212 2872 servum
2227 2829 2335 2884 Try·

433 2897 568 2940 gaeus
598 2885 643 2927 in
673 2885 771 2928 Pac.
801 2885 872 2927 Vs.
902 2884 1006 2938 956)
1037 2884 1315 2940 appellantis:

891 2940 1023 2989 αὖθις
1053 2944 1102 2981 σι)
1134 2943 1354 2994 περιχώρει
1385 2941 1531 2992 λαβὼν
1561 2944 1635 2996 τὴν
1664 2943 1849 2993 χέρνιβα.

1271 2999 1486 3040 ΙΕΡΕΥΣ.

891 3055 1082 3111 εὐφημία
1117 3057 1223 3096 'mam
